3300 5042
859 603 879 664 4

321 805 392 885 363,
414 803 486 879 365,
508 803 579 878 510,
601 802 662 867 663
676 809 710 864 et
722 799 795 876 664,
816 800 887 864 925.
909 798 986 864 Jam
1000 819 1078 862 vero
1100 798 1139 862 de
1161 798 1320 862 nonnullis
1341 820 1419 862 ver·

320 905 410 969 sibus
425 903 510 968 iusta
523 925 646 977 caussa,
667 924 727 967 cur
739 900 958 987 praetermissi
976 899 1048 975 sint,
1070 899 1206 984 proferri
1221 922 1285 964 uon
1299 910 1419 985 potest,

319 1003 383 1069 nisi
415 1004 498 1068 forte
527 1002 698 1068 dicendum
720 1012 769 1065 est
791 1001 929 1065 scribam
958 1021 1012 1065 666
1041 1010 1153 1085 utpote
1175 1011 1343 1085 corruptos
1366 1001 1422 1064 vel

322 1125 576 1189 supervacaneos
599 1100 779 1177 transiisse3
814 1100 848 1164 in
878 1100 946 1164 aliis
969 1110 1076 1163 autem
1097 1123 1149 1164 res
1171 1100 1241 1185 ipsa
1261 1101 1420 1183 loquitur.

320 1203 406 1270 Nam
428 1228 480 1270 vv.
503 1205 564 1268 663
586 1213 618 1266 et
639 1203 701 1266 664
731 1201 876 1265 omisisse
905 1200 1034 1264 videtur
1062 1200 1167 1265 scriba
1194 1221 1213 1264 a
1240 1225 1270 1266 v.
1293 1203 1353 1266 663
1376 1201 1422 1264 ad

322 1306 400 1381 665,
430 1326 570 1388 qnorum
598 1314 736 1385 uterque
768 1300 809 1365 ab
839 1300 950 1365 eadem
983 1323 1061 1364 voce
1092 1300 1213 1386 incipit,
1246 1301 1419 1379 aberrans3

320 1429 352 1470 v.
371 1407 424 1481 ·l6,
448 1403 504 1488 qui
525 1403 588 1467 fine
610 1412 757 1467 truncato
778 1400 898 1486 legitur
918 1400 952 1464 in
968 1401 1132 1476 Bemensi,
1155 1402 1300 1466 consulto
1322 1423 1419 1486 prae-

322 1505 460 1569 termisit
480 1515 578 1587 atque
599 1503 711 1566 eadem
731 1502 797 1566 fere
813 1502 853 1564 de
868 1523 981 1566 caussa
1002 1500 1129 1565 transiit
1149 1526 1178 1567 v.
1201 1503 1272 1578 299,
1295 1523 1335 1565 ex
1350 1525 1418 1585 quo

322 1608 438 1671 misere
460 1613 614 1689 corrupto
637 1625 767 1667 sensum
788 1601 859 1665 elici
881 1623 975 1686 posse
998 1601 1128 1665 omnino
1150 1600 1342 1686 desperaret.
1370 1601 1421 1665 At

323 1707 409 1771 enim
437 1705 470 1768 in
491 1703 710 1768 Ambrosiano
740 1723 871 1784 quoque
899 1712 974 1785 post
994 1724 1024 1765 v.
1046 1702 1085 1765 67
1108 1700 1186 1764 haec
1206 1701 1358 1786 leguntur
1380 1703 1421 1765 ‘si

322 1805 406 1871 viris
428 1815 461 1868 et
480 1827 546 1868 non
566 1825 601 1867 es
630 1812 755 1867 sacrata
780 1812 883 1865 morte
913 1799 1036 1877 dicata,’
1070 1823 1209 1884 quorum
1238 1802 1362 1866 nullum
1385 1805 1421 1866 in

323 1903 480 1970 Beruensi
502 1913 590 1967 extat
610 1901 792 1985 vestigium.
827 1901 953 1967 Verum
986 1901 1136 1983 equidem
1168 1901 1246 1965 nihil
1271 1902 1304 1965 in
1325 1925 1363 1966 ea
1384 1925 1420 1968 re

324 2003 532 2071 tribuendum
547 2025 616 2067 esse
630 1999 840 2065 Ambrosiani
861 2000 1043 2064 auctoritati
1065 2001 1223 2077 existimo,
1246 2002 1302 2066 sed
1319 2002 1421 2068 istum

276 2173 281 2181 ,
324 2111 454 2171 versum
476 2127 550 2170 cum
565 2101 773 2167 Rothmalero
791 2100 818 2185 3)
841 2123 901 2186 pro
917 2101 1027 2187 spurio
1041 2101 1159 2166 habere
1173 2103 1280 2166 nullus
1296 2103 1421 2170 dubito.

324 2207 409 2272 Nam
430 2206 573 2292 primum
593 2204 629 2269 id
650 2202 739 2288 quod
759 2195 987 2287 gravissimum
1009 2213 1058 2266 est
1079 2226 1130 2267 vv.
1146 2205 1269 2268 67-69
1288 2203 1321 2267 in
1336 2205 1420 2269 Ber·

325 2307 416 2371 nensi
438 2316 504 2370 tarn
525 2314 599 2390 apte
620 2303 800 2380 cohaerent,
827 2315 865 2367 ut
885 2325 990 2386 neque
1019 2303 1052 2365 in
1074 2302 1238 2368 sententiis
1260 2327 1365 2387 neque
1387 2305 1422 2369 in

326 2407 434 2472 verbis
464 2405 642 2490 quidquam
671 2404 842 2468 desideres.
886 2401 990 2467 Poeta
1018 2403 1102 2468 enim
1130 2402 1420 2488 Agamemnonem,

326 2531 401 2573 cum
421 2507 475 2571 ille
495 2504 699 2592 Iphigeniam
719 2505 818 2569 filiam
842 2525 938 2588 quarn
960 2504 1029 2589 ipse
1050 2503 1272 2568 immolaverat
1293 2516 1420 2589 praeter

228 2595 230 2600 ¹
327 2631 417 2694 spem
438 2607 546 2672 vivam
566 2605 825 2688 incolumemque
854 2603 1000 2679 vidisset,
1030 2615 1161 2689 stupore
1183 2626 1220 2667 ac
1241 2591 1330 2668 velut
1350 2615 1418 2668 tor-

326 2731 405 2794 pore
426 2706 567 2792 quodam
589 2717 720 2791 captum
741 2704 820 2768 haec
840 2704 916 2767 facit
938 2704 1095 2767 dicentem
1118 2702 1209 2766 ‘vivis
1232 2725 1272 2765 an
1294 2703 1417 2789 effigies

327 2819 360 2871 et
371 2805 480 2891 imago
495 2806 633 2871 volatilis
652 2802 770 2869 extas?
791 2827 869 2868 mox
890 2815 997 2868 autem
1020 2803 1157 2888 acceptis
1180 2802 1261 2867 filiae
1277 2805 1418 2888 comple-

327 2908 423 2974 xibns
452 2904 649 2988 fervidisque
687 2904 805 2969 osculis
845 2904 1000 2967 exclamat
1031 2915 1123 2989 pater
1154 2903 1306 2988 gaudeo,
1345 2927 1418 2967 nam

326 3010 434 3076 vivam
450 3018 481 3071 te
500 3005 645 3070 membra
666 3003 782 3069 docent
803 3015 973 3087 tactusque
987 3004 1136 3068 fatentur'
1159 3005 1320 3087 simulque
1343 3027 1415 3069 con-

328 3110 413 3175 scius
435 3104 558 3192 culpae,
581 3124 678 3190 quam
699 3105 732 3169 in
754 3129 787 3170 se
809 3105 991 3181 admiserat,
1021 3115 1095 3189 post
1115 3105 1232 3168 laetam
1252 3104 1341 3169 illam
1363 3127 1417 3168 ex-

326 3209 551 3275 clamationem
572 3206 746 3291 interponit
776 3206 834 3271 has
855 3229 966 3291 preces
999 3206 1050 3268 ‘da
1075 3205 1212 3280 veniam,
1242 3205 1269 3268 si
1297 3205 1420 3270 corruis

222 3367 225 3375 .
329 3332 404 3374 ense
426 3307 579 3373 deorum'.
611 3306 749 3371 Accedit
770 3306 859 3390 qnod
880 3307 913 3370 in
934 3329 1042 3384 versu,
1064 3329 1160 3389 quem
1183 3305 1421 3371 Ambrosianus

328 3419 404 3496 post
424 3432 454 3473 v.
477 3410 515 3474 67
537 3409 694 3473 insertum
715 3406 821 3484 habet,
843 3405 1036 3470 offendimur
1049 3406 1158 3492 inepta
1171 3429 1246 3472 sane
1261 3403 1422 3470 locutione
1518 3427 1519 3484 5

330 3518 465 3577 ‘sacrata
484 3519 587 3573 morte
609 3506 732 3573 dicata?
764 3505 917 3589 Denique
938 3529 1051 3570 versus
1066 3507 1125 3572 iste
1140 3506 1327 3572 festinanter
1341 3517 1422 3590 puto
1518 3521 1519 3598 Q

328 3610 363 3674 in
377 3607 555 3693 marginem
576 3607 738 3672 coniectus
759 3606 900 3691 graviter
914 3616 1017 3670 metro
1035 3605 1160 3671 laborat
1182 3607 1304 3692 syllaba
1318 3605 1420 3692 priori
1518 3599 1519 3610 ¹

331 3709 419 3774 vocis
440 3711 507 3771 trivo
523 3718 683 3799 correpta.
707 3707 815 3790 Quem
837 3706 967 3790 quidem
983 3706 1046 3770 leni
1061 3707 1237 3772 mutatione
1259 3706 1423 3770 emendari

331 3831 437 3896 posse,
459 3807 486 3872 si
507 3805 627 3871 scribas
656 3806 692 3870 ‘si
714 3807 788 3872 viva
815 3829 849 3872 es
876 3817 908 3870 et
929 3829 993 3870 non
1022 3817 1145 3872 sacrata
1173 3818 1276 3871 morte
1299 3805 1424 3882 dicata’,

332 3907 372 3974 L.
393 3902 553 3974 Muellero
570 3906 598 3992 ⁴)
619 3906 755 3972 libenter
782 3907 939 3988 concede,
970 3907 1026 3972 sed
1059 3908 1154 3972 talem
1186 3907 1287 3972 fetum
1310 3929 1425 3972 sanare

334 4062 533 4077 -ffl

432 4132 453 4199 ⁰)
471 4131 559 4187 Orest.
576 4140 644 4201 trag.
663 4131 766 4186 emend.
783 4148 810 4200 p.
827 4136 852 4187 9.

434 4215 453 4283 ⁴]
471 4217 542 4270 Mus.
559 4216 646 4270 Rhen.
664 4216 737 4283 XXI,
754 4231 781 4283 p.
799 4218 857 4269 too,
