3300 5042
869 541 908 604 23

341 740 453 806 matris
474 741 512 802 dc
532 748 674 823 tempore
694 737 819 822 prisco',
841 737 893 802 cui
915 738 1050 804 similem
1072 759 1169 824 quem
1183 739 1452 805 afferamlocnm

341 861 405 909 non
424 839 537 916 habeo,
558 837 689 903 tertium
709 859 786 903 vero
808 837 896 921 qnod
916 849 954 902 nt
973 839 1080 904 minus
1102 851 1214 925 aptum
1228 840 1453 924 reprehendit

341 939 513 1024 Machlyus
536 938 581 1024 (p.
602 937 710 1022 XIX)
742 963 772 1003 v.
805 941 866 1004 886
903 945 1042 1003 ‘accusat
1076 941 1115 1002 dc
1139 940 1266 1024 gemino
1299 940 1451 1004 crimine

344 1038 490 1105 Oresten’
522 1037 833 1129 minimefvitiosum
862 1061 932 1102 esse
952 1037 1127 1124 intelleges,
1149 1039 1178 1103 si
1198 1040 1451 1123 comparaveris

344 1138 412 1204 Cic.
433 1161 490 1224 pro
513 1137 639 1203 Cluent.
675 1139 726 1213 41,
760 1140 830 1218 114,
866 1138 1039 1223 proRosc.
1073 1137 1149 1202 Aru.
1172 1141 1223 1215 32,
1245 1141 1293 1203 90.
1335 1137 1450 1204 Adde

344 1240 538 1326 singularem
558 1237 798 1322 praepositionis
820 1239 861 1300 dc
881 1261 978 1304 usum
999 1263 1029 1306 v.
1051 1240 1111 1303 <131
1124 1235 1280 1322 ‘(Medea)
1301 1237 1450 1304 viduata

342 1339 410 1404 viro
433 1340 471 1401 de
491 1337 602 1423 pellice
617 1336 760 1414 Glauce,
780 1337 839 1402 nbi
860 1359 881 1401 a
897 1337 1008 1419 pellice
1022 1339 1073 1404 vel
1082 1359 1141 1420 per
1156 1339 1297 1420 pellicem
1309 1337 1445 1402 dictum

342 1437 502 1514 malueris,
524 1436 582 1500 sed
600 1436 690 1500 haud
710 1436 868 1502 absimilia
888 1447 964 1502 sunt
984 1439 1138 1523 exempla,
1162 1439 1257 1522 'quae
1272 1440 1448 1522 congessit

342 1538 491 1603 Handius
513 1537 609 1600 Turs.
631 1535 676 1612 H,
697 1559 729 1621 p.
752 1539 811 1600 217
835 1558 882 1619 sq.
924 1535 1076 1620 Denique
1105 1537 1246 1601 notanda
1266 1547 1314 1602 est
1335 1538 1445 1602 dictio

341 1637 425 1700 uiuit
445 1638 483 1698 de
502 1638 609 1717 aliquo
629 1638 749 1707 meas.
762 1660 792 1701 v.
815 1638 886 1712 752,
914 1636 1006 1700 errius
1028 1637 1165 1701 alterum
1186 1637 1368 1721 exemplum
1384 1661 1445 1704 me

341 1736 457 1821 legisse
478 1735 610 1801 memini
630 1734 717 1820 apud
737 1733 954 1819 Capitolinum
975 1735 1062 1800 Part
1087 1737 1136 1812 13,
1159 1739 1188 1801 6.
1219 1727 1345 1800 Eodem
1367 1737 1444 1802 fere

342 1834 438 1900 modo
457 1835 674 1899 luxuriantem
705 1832 843 1918 reperies
872 1833 987 1897 hocin
1008 1834 1147 1900 carmine
1168 1835 1443 1920 praepositionem

336 1957 407 2017 per,
430 1958 528 2019 qnam
548 1936 614 2000 iam
634 1944 743 2020 poetas
764 1933 877 1998 aetatis
898 1943 1072 2018 augusteae
1093 1935 1139 1998 ila
1158 1935 1376 2020 usurpavisse,
1402 1947 1444 2000 nt

343 2055 401 2120 pro
421 2037 457 2098 ia
478 2035 578 2120 accipi
599 2044 716 2120 posset,
737 2034 848 2099 docuit
868 2034 977 2099 multis
998 2035 1151 2120 exemplis
1167 2035 1269 2100 allatis
1283 2035 1443 2100 Handius

343 2136 439 2201 Turs.
460 2135 521 2213 IV,
542 2158 573 2220 p.
594 2137 667 2199 434.
709 2133 801 2199 Illius
830 2134 931 2218 igitur
956 2157 1036 2198 usus
1061 2134 1095 2198 in
1116 2133 1243 2200 Orestis
1271 2136 1442 2220 tragoedia

346 2245 458 2300 extant
477 2235 557 2299 haec
577 2235 737 2320 exempla:
759 2250 796 2300 v:
812 2236 874 2298 193
894 2257 1023 2318 unaque
1043 2245 1192 2300 natarum
1213 2235 1292 2300 cinis
1313 2245 1363 2299 sst
1378 2258 1444 2317 pce·

342 2334 460 2418 templa
480 2333 616 2410 Dianae,
637 2337 700 2398 464
725 2355 786 2414 per
816 2334 936 2418 templa
956 2334 1124 2418 precantis,
1154 2337 1214 2398 332
1236 2346 1361 2399 trucem
1377 2358 1442 2416 per

341 2434 461 2519 proelia
480 2434 632 2509 Martem,
655 2432 774 2517 quibus
796 2433 979 2499 addendum
1007 2435 1042 2498 id
1063 2435 1150 2518 quod
1178 2433 1363 2500 coniectura
1383 2459 1440 2501 re·

344 2533 435 2600 stitui
455 2558 485 2599 v.
509 2535 548 2596 71
570 2532 674 2617 posita
688 2555 749 2614 per
770 2541 914 2616 tempora
934 2533 1022 2599 vitta.
1066 2534 1246 2620 Singularis
1269 2534 1366 2601 etiam
1387 2536 1439 2600 lo·

343 2634 428 2698 cutio
451 2643 500 2698 cst
520 2657 550 2697 v.
573 2634 634 2698 832
657 2637 780 2698 obstrue
794 2655 855 2716 per
882 2634 1003 2717 3311333,
1034 2657 1099 2726 qua
1125 2633 1204 2700 num
1225 2636 1310 2701 ullus
1330 2635 1439 2701 bonus

346 2733 481 2818 scriptor
501 2756 581 2798 usus
602 2732 653 2809 sit,
682 2733 833 2817 equidem
864 2733 1068 2800 vehementer
1096 2734 1217 2800 dubito.
1238 2771 1280 2782 ·-
1301 2735 1440 2801 Praeter

344 2854 398 2896 eas
414 2855 495 2915 quas
509 2833 603 2896 modo
617 2834 852 2899 nominavimus
866 2835 1114 2919 praepositiones
1121 2834 1287 2900 ‘adamarit
1300 2833 1440 2920 scriptor
1500 2829 1501 2842 ¹

346 2953 476 3016 quoque
496 2932 643 2998 voculam
663 2937 731 3009 aab,
754 2957 852 3017 quam
874 2935 1000 3020 saepius
1021 2944 1054 3000 et
1066 2957 1315 3019 -nomrumquam
1329 2934 1439 3020 inepta

344 3032 441 3098 etiam
462 3031 586 3096 ratione
607 3032 784 3117 usurpavit,
816 3033 917 3098 veluti
942 3058 972 3099 v.
1002 3037 1139 3100 161331
1169 3034 1283 3100 fraude
1314 3031 1436 3111 latenti,

349 3134 411 3197 337
433 3131 610 3199 extinctum
630 3136 686 3196 aab
706 3132 829 3210 fraude,
851 3135 911 3198 391
933 3138 990 3198 sul>
1010 3144 1112 3200 morte
1134 3134 1264 3212 securis,
1285 3136 1348 3200 418
1362 3134 1435 3198 data

344 3236 402 3296 sub
423 3242 550 3317 pastore
572 3240 717 3316 tyranno,
748 3235 810 3298 492
832 3239 889 3298 sub
919 3235 990 3298 luce
1026 3235 1151 3314 diurna,
1186 3235 1246 3322 527
1275 3239 1332 3300 aab
1346 3237 1428 3320 flore,

344 3333 406 3398 530
426 3336 485 3397 aab
506 3332 638 3398 crimine
658 3333 771 3409 multo,
793 3335 855 3400 798
876 3335 962 3420 regis
983 3340 1041 3399 suo
1062 3335 1192 3412 honore,
1215 3334 1431 3400 9343311313

346 3430 454 3508 deum,
475 3437 532 3496 cub
554 3444 639 3499 sorte
659 3433 808 3518 benigna.
852 3434 918 3502 Sed
938 3436 1026 3500 nulla
1053 3435 1115 3500 alia
1136 3436 1370 3502 constructione
1390 3436 1435 3500 ita

345 3532 499 3600 ususvel
518 3542 556 3596 ut
582 3533 716 3625 rectius,
729 3533 834 3601 dicam
862 3535 982 3600 abusus
1011 3546 1060 3602 est
1089 3536 1233 3622 scriptor,
1258 3558 1356 3620 quam
1377 3536 1434 3600 da·

348 3629 414 3695 tivo
447 3653 521 3695 cum
552 3632 659 3698 verbis
693 3632 791 3699 eundi
825 3643 861 3700 31
889 3657 971 3718 quae
1004 3646 1079 3702 sunt
1113 3636 1228 3702 similia
1259 3636 1435 3702 coniuncto.

346 3729 440 3814 Quae
463 3731 656 3796 constructio
687 3756 762 3799 cum
790 3733 877 3820 apud
899 3735 1054 3820 optimum
1087 3757 1248 3820 quemque
1268 3743 1434 3821 poctarum

345 3829 518 3896 latinorum
552 3830 641 3895 haud
674 3855 747 3898 raro
781 3834 917 3920 legatur,
953 3835 999 3900 ita
1033 3845 1139 3904 tamen
1169 3846 1208 3902 ut
1235 3835 1433 3903 accusativus

345 3931 445 3994 multo
467 3931 510 3996 sit
531 3930 687 4008 usitatior,
710 3942 820 4017 poetae
841 3935 1050 4002 recentissimi
1061 3957 1132 4002 eam
1147 3947 1266 4005 temere
1284 3935 1433 4000 adhibere

345 4029 446 4094 solent
480 4030 662 4098 accusativo
697 4031 819 4116 ubique
846 4035 913 4102 fere
948 4035 1169 4103 exterminato.
1210 4036 1252 4100 Id
1283 4035 1370 4121 quod
1398 4035 1434 4100 in

345 4127 432 4194 huno
455 4131 551 4198 etiam
573 4132 659 4199 cadit
686 4132 883 4218 scriptorem,
904 4135 962 4220 qui
983 4159 1053 4202 eam
1076 4145 1189 4220 quater
1214 4135 1318 4204 decies
1338 4159 1432 4204 usur·
