3300 5042
878 571 916 633 16

349 765 523 862 repetiisse.
546 767 677 855 Duplex
698 779 756 843 est>
768 768 924 832 sententia
944 770 1097 850 iudicum,
1119 775 1177 838 sed
1197 797 1271 840 reus
1292 777 1365 842 albo
1381 781 1453 844 Mi-

349 899 466 942 nervae
488 873 608 938 calculo
629 869 815 936 absolvitur.
858 869 1005 956 Negatur
1031 873 1115 937 enim
1144 875 1183 940 de
1204 876 1301 966 caede
1322 880 1452 956 matris,

351 1001 450 1062 quam
471 975 516 1038 dii
537 971 751 1058 probaverint,
782 970 909 1055 legibus
935 973 1081 1038 civilibus
1108 975 1243 1040 indicari
1264 999 1373 1062 posse3
1410 1003 1452 1043 ac

349 1076 451 1142 videri
482 1075 560 1138 deos
591 1070 709 1156 Pyrrhi
736 1071 832 1134 etiam
862 1071 991 1138 caedem
1012 1073 1100 1136 haud
1120 1073 1366 1160 improbavisse,
1382 1079 1451 1143 Di-

349 1179 466 1242 missus
487 1175 589 1260 igitur
610 1169 743 1236 Orestes
763 1172 845 1234 laeto
871 1172 1009 1236 elamore
1041 1174 1198 1259 excipitur
1222 1199 1242 1239 a
1264 1179 1390 1262 populo.
1412 1193 1449 1244 et

348 1301 422 1342 cum
440 1274 567 1362 ¹Pylade
588 1271 816 1354 sororibusque
838 1269 965 1335 duabus
985 1271 1019 1335 in
1046 1273 1182 1357 patriam
1214 1277 1312 1353 redit3
1345 1279 1447 1344 simul

348 1377 490 1442 thesauri
505 1373 584 1458 regii
596 1371 734 1436 Athenis
746 1370 901 1456 Mycenas
916 1383 1128 1457 reportantur.
1150 1375 1189 1443 In
1212 1387 1354 1442 extremo
1369 1403 1444 1443 ear.

347 1480 432 1542 mine
454 1475 590 1560 scriptor
610 1473 686 1536 deos
707 1471 849 1556 impense
870 1483 1029 1558 precatur,
1050 1483 1089 1537 ut
1097 1486 1172 1559 post
1185 1487 1231 1540 tot
1245 1477 1307 1540 alia
1321 1479 1445 1544 scelera

346 1589 379 1641 et
400 1587 472 1663 post
492 1575 574 1639 hanc
589 1573 745 1658 triplicem
759 1596 888 1638 scenam
898 1574 1119 1658 Mycenaeum,
1142 1597 1224 1660 quae
1240 1575 1442 1644 Graecorum

345 1679 465 1743 {amam
487 1676 640 1761 profanet,
674 1694 732 1737 suo
764 1673 828 1737 iam
860 1685 992 1758 parcant
1022 1673 1142 1738 mundo
1164 1686 1262 1760 atque
1284 1678 1441 1744 scelerum

346 1800 444 1842 usum
465 1785 595 1841 arceant
615 1797 635 1837 a
655 1773 780 1839 miseris
802 1773 959 1858 Pelasgis.

446 1878 517 1942 Iam
538 1875 628 1941 vides
649 1872 735 1938 haud
757 1895 860 1958 pauca
880 1873 983 1937 inesse
1003 1872 1037 1936 in
1058 1873 1118 1938 hoc
1140 1876 1288 1952 carmine,
1317 1900 1398 1961 quae
1421 1905 1441 1944 a

344 1978 459 2043 ceteris
481 1974 700 2062 scriptoribus,
721 1974 778 2057 qui
793 1972 1021 2058 Pelopidarum
1033 1974 1099 2038 fata
1115 1975 1361 2060 descripserunt,
1382 1993 1439 2046 aut

343 2078 473 2142 omnino
495 2096 559 2142 non
580 2084 656 2140 sunt
677 2074 795 2137 tradita
814 2084 872 2138 ant
893 2073 984 2137 aliter
997 2086 1134 2144 narrata.
1160 2075 1437 2162 Agamemnonem

344 2179 443 2244 Troia
461 2187 558 2262 capta
579 2176 767 2240 redeuutem
780 2175 815 2238 in
838 2174 954 2239 Tauris
976 2174 1177 2260 Iphigeniam
1205 2176 1303 2242 filiam
1324 2203 1433 2266 reppe-
1503 2261 1504 2274 χ

343 2281 432 2361 risse,
465 2277 591 2344 Orestis
618 2276 806 2362 paedagogo
836 2296 962 2338 nomen*
978 2275 1077 2341 fuisse
1106 2277 1258 2362 Dorylae,
1279 2278 1436 2364 Pyladem

344 2380 483 2444 amicum
501 2379 663 2442 furentem
684 2387 814 2460 propter
827 2373 1016 2460 periculum,
1039 2379 1126 2462 quod
1140 2378 1169 2442 ei
1183 2380 1317 2446 instaret
1331 2405 1351 2444 a
1360 2383 1436 2446 Mo-

342 2481 436 2556 losso,
458 2478 500 2541 ad
521 2499 592 2541 oras
614 2486 762 2545 externas
782 2474 918 2552 misisse,
939 2475 1119 2542 Molossum
1134 2477 1284 2544 Orestem
1300 2482 1436 2548 Athenis

340 2571 382 2644 de
403 2579 499 2644 caede
520 2577 730 2664 postulavisse
752 2599 790 2640 ac
809 2575 965 2640 iudicium
986 2577 1066 2642 illud
1086 2579 1120 2642 in
1138 2582 1255 2666 templo
1270 2583 1436 2650 Minervae

342 2681 430 2764 qnod
444 2690 494 2744 est
509 2679 544 2743 in
563 2699 636 2742 arce
649 2677 797 2742 habitum
811 2699 881 2741 esse
895 2699 1057 2761 nusquam
1078 2679 1140 2743 nisi
1160 2680 1195 2742 in
1214 2681 1275 2746 hoc
1296 2685 1435 2749 carmine

341 2803 392 2844 me
413 2780 529 2864 legisse
543 2778 683 2842 memini.
709 2769 926 2859 Quae-'omnia'
946 2789 1056 2843 utrum
1077 2789 1171 2863 poeta
1190 2781 1258 2866 ipse
1278 2782 1432 2848 invenerit

340 2880 391 2945 vel
412 2879 579 2943 novaverit
599 2899 640 2940 an
671 2877 712 2942 ab
744 2877 812 2940 alio·
840 2877 979 2960 quodam
1012 2879 1164 2965 scriptore
1195 2894 1361 2950 mutuatus
1385 2887 1432 2962 sit,

338 2980 467 3045 difficile
488 2989 538 3043 est
557 2987 717 3043 statuere·
737 2977 815 3044 -Sed
843 2978 954 3042 insunt
985 2981 1055 3057 aha,
1088 3003 1171 3066 quae
1202 2985 1306 3068 magis
1337 2987 1427 3050 etiam

339 3082 422 3145 mira
463 3080 633 3145 videantur
674 3078 864 3162 legentibus.
919 3079 1051 3145 Etenim
1094 3081 1177 3146 sicut
1210 3105 1250 3148 ex
1285 3084 1428 3149 versibus

341 3185 401 3246 112
421 3183 537 3248 et-asst
557 3180 763 3263 intellegitur,
786 3179 923 3264 scriptor
945 3181 1092 3266 opinatus
1108 3197 1157 3248 est
1171 3183 1326 3268 Mycenas
1342 3185 1429 3270 oppi-

340 3282 418 3346 dum
432 3282 474 3344 ad
488 3303 576 3346 mare
588 3280 776 3344 situmesse.
803 3279 873 3344 Nec
894 3282 1000 3346 minus
1023 3283 1148 3354 mireris
1170 3283 1204 3345 id
1225 3285 1313 3368 quod
1324 3307 1356 3350 a.
1370 3288 1433 3350 490

339 3382 459 3466 legitur
479 3382 611 3447 ‘Thebis
633 3381 739 3445 vicina
769 3380 919 3458 moenia’3
954 3404 1028 3446 narn
1051 3404 1115 3465 quo
1137 3383 1231 3446 modo
1253 3385 1305 3448 ille
1328 3385 1434 3450 dicere
1503 3373 1504 3394 ¹

338 3481 478 3567 potuerit
498 3482 654 3566 Mycenas
675 3479 796 3544 Thebis
817 3479 938 3544 vicinas
961 3501 1039 3559 esse,
1073 3482 1223 3565 equidem
1245 3486 1434 3562 non-video,

338 3582 400 3646 nisi
421 3581 502 3644 forte
525 3583 730 3646 statuendum
750 3591 800 3644 est
821 3581 1007 3665 scriptorem
1025 3582 1169 3659 latinum,
1193 3581 1249 3666 qni
1264 3585 1303 3648 de
1317 3583 1432 3670 ingen-

338 3683 425 3748 tibus
449 3691 571 3745 tantum
600 3681 725 3767 imperii
748 3681 890 3772 vRomani
913 3681 1022 3765 spatiis
1044 3683 1183 3767 cogitare
1205 3684 1435 3760 consuevisset,

338 3786 414 3848 talia
445 3804 508 3847 non
540 3782 608 3846 sine
639 3781 871 3868 contemptione
903 3782 1043 3864 quadam
1076 3782 1231 3850 Graeciae
1258 3804 1376 3868 parvae
1398 3795 1435 3846 et

338 3895 493 3969 angustae
515 3881 643 3945 dixisse
685 3883 780 3947 Adde
803 3881 892 3966 quod
912 3905 1017 3966 neque
1050 3883 1089 3948 de
1116 3885 1233 3969 genere
1264 3905 1369 3968 neque
1391 3882 1435 3948 de

338 3985 441 4069 patria
461 3983 595 4068 Pyladis
616 3982 681 4045 ulla
695 3982 731 4044 fit
744 3983 804 4046 hoc
817 3984 851 4046 in
872 3983 1011 4048 carmine
1033 3985 1160 4061 mentio,
1184 4005 1280 4067 quem
1302 3981 1434 4048 tandem

338 4082 486 4159 Athenis,
508 4103 573 4167 qno
591 4083 779 4168 confugerat
800 4083 942 4161 Orestes,
965 4106 1091 4148 summa
1112 4083 1250 4148 amicitia
1271 4096 1303 4148 et
1324 4082 1432 4146 studi-

338 4202 430 4248 orum
449 4182 674 4248 communione
702 4182 907 4248 coniunctum
940 4183 1039 4248 fuisse
1067 4207 1140 4250 oum
1161 4181 1280 4249 Oreste
1301 4173 1433 4267 compe-
