3300 5042
885 593 927 657 42

500 795 627 861 nescius
648 775 760 859 uxoris
781 777 1003 874 scelerumque
1023 789 1156 876 ignarus
1177 789 1284 878 Egisti

501 897 588 963 dona
606 895 880 984 Clytaemnestrae
902 913 967 956 non
988 891 1104 976 dignae
1125 893 1229 958 multa
1247 894 1404 980 parabat,

501 999 587 1063 dona
607 992 808 1059 uerecundae
831 991 981 1057 seruabat
1001 993 1115 1076 pulcra
1134 995 1270 1078 puellae,

502 1096 644 1186 plurima
665 1095 834 1160 subridens
856 1092 983 1178 genitor
1004 1091 1146 1178 disponit
1167 1091 1286 1171 Oresti,

385 1275 390 1284 ¹
501 1221 584 1283 quae
606 1195 737 1282 aptabat
757 1193 884 1281 pietatis
906 1215 997 1258 amor
1017 1193 1071 1258 uel
1093 1193 1184 1281 origo
1205 1204 1351 1280 paterna,

499 1321 566 1364 non
587 1307 695 1362 tamen
716 1318 822 1381 aequa
843 1293 910 1359 suis
931 1294 1045 1370 animis
1066 1295 1255 1380 meritisque
1275 1295 1417 1362 futuris.

501 1481 631 1545 Interea
650 1477 793 1544 findebat
811 1478 874 1543 iter
894 1499 953 1563 per
973 1466 1108 1562 caeparia
1122 1477 1213 1562 ponti

504 1581 587 1646 irato
610 1579 783 1664 tranquilla
803 1577 864 1643 deo
885 1575 1102 1642 recidentibus
1123 1576 1226 1654 euris3
1264 1630 1267 1638 .

502 1678 639 1745 candida
658 1678 826 1763 fluctiuagi
848 1676 1021 1742 tendebant
1041 1675 1175 1743 carbasa
1194 1677 1294 1755 nenti,

503 1801 568 1864 quo
589 1801 655 1844 non
676 1799 790 1842 cursus
812 1788 891 1854 erat,
913 1776 970 1841 sed
992 1798 1057 1860 quo
1070 1776 1147 1872 ,QX
1166 1775 1285 1863 inpulit
1305 1779 1437 1858 aether,

502 1879 642 1944 Taurica
661 1877 845 1964 perducunt
865 1875 907 1940 ad
926 1875 1020 1942 litora
1041 1886 1146 1942 castra
1165 1874 1313 1964 Pelasga.

501 1978 628 2067 inperat
648 1979 723 2044 hino
744 1977 894 2043 dominus
915 1977 1069 2062 praedam
1085 1974 1213 2063 'praeire
1235 1979 1401 2066 Mycenis,

501 2082 570 2167 ipse
591 2090 761 2146 secuturus
781 2087 856 2163 post
877 2087 955 2143 uota
976 2079 1081 2144 soluta
1101 2078 1237 2144 Dianae.
1313 2111 1315 2118 ¹

500 2182 681 2268 ingreditur
701 2181 858 2266 templum
880 2179 1027 2266 supplex,
1049 2190 1238 2246 ueneranter
1259 2180 1376 2244 adorat

501 2283 635 2347 numina
655 2290 743 2346 casta
763 2279 850 2345 deae.
872 2280 951 2344 dum
971 2280 1070 2346 ferret
1090 2301 1208 2345 munus
1229 2280 1271 2344 ad
1291 2303 1385 2346 aram

500 2381 652 2464 (stamina
671 2402 874 2466 purpureum
895 2380 1071 2465 pingebant
1092 2379 1193 2446 serica
1212 2368 1332 2458 uelum,

411 2482 414 2500 '
499 2482 596 2567 pepla
616 2480 829 2548 coruscabant
849 2480 948 2544 uariis
968 2491 1130 2567 gemmata
1150 2481 1291 2567 lapillis),

503 2581 587 2646 uidit
605 2581 808 2667 Iphigeniam
830 2579 973 2646 turibula
993 2603 1084 2646 sacra
1103 2581 1267 2647 ferentem.

427 2748 431 2758 ,
498 2683 609 2748 haeret
630 2693 662 2749 et
683 2682 835 2749 attonitos
857 2681 967 2749 oculos
988 2683 1023 2747 in
1043 2682 1170 2768 uirgine
1190 2681 1270 2768 figit,

500 2783 655 2869 obstipuit
675 2784 776 2869 pietas
798 2793 831 2848 et
851 2805 942 2850 mens
964 2781 1025 2848 sibi
1047 2783 1173 2849 conscia
1193 2783 1297 2869 praui.

501 2884 629 2968 agmine
649 2906 709 2972 pro
730 2883 886 2948 Danaum
908 2882 1011 2948 cultro
1032 2882 1164 2948 feriente
1185 2881 1308 2946 litatem

500 2992 636 3049 nouerat
656 2992 688 3048 et
709 2982 846 3059 similem
867 2983 954 3050 nasci
975 2981 1118 3068 potuisse
1140 2983 1286 3070 putabat.

499 3081 636 3147 candida
656 3081 750 3168 uirgo
772 3095 880 3148 tamen
901 3083 974 3168 plus
994 3082 1059 3148 iam
1081 3103 1274 3168 cognoscere
1295 3092 1429 3170 patrem

358 3299 406 3352 bat
422 3301 556 3353 Athenam
572 3298 614 3366 L.,
638 3301 686 3366 qai
710 3317 780 3362 eam,
801 3316 881 3367 qaam
898 3301 1003 3354 nodarat
1017 3300 1165 3368 praebeat,
1183 3305 1310 3362 vastam
1327 3299 1457 3364 ordinem

360 3388 450 3432 tuetur
477 3383 700 3452 interpaaqeodo
722 3392 785 3450 post
801 3385 937 3438 Athenam
968 3401 1003 3437 ac
1034 3385 1132 3438 vocata
1161 3388 1189 3438 et
1213 3391 1279 3438 aare
1296 3384 1404 3452 superis
1423 3387 1454 3438 ia

357 3463 430 3517 haec
452 3476 619 3520 conmutata.
641 3495 675 3506 —
700 3468 741 3519 36.
767 3466 845 3520 dione
873 3467 905 3520 Β.
931 3497 964 3508 -
985 3469 1026 3522 37.
1050 3469 1122 3520 baar
1146 3481 1262 3530 aarum,
1285 3468 1334 3534 qai
1357 3475 1398 3518 art
1423 3470 1456 3520 ia

360 3547 499 3600 codicibus
514 3552 556 3617 40,
574 3559 637 3619 post
653 3565 763 3602 masam
779 3551 812 3602 36
830 3551 1020 3604 collocandam
1037 3567 1093 3604 esse
1109 3551 1242 3606 intellecta
1258 3549 1292 3604 R.
1304 3579 1337 3590 —
1348 3552 1388 3602 38.
1403 3550 1454 3604 ho·

357 3631 425 3685 resti
441 3631 475 3683 A.
491 3659 525 3670 -
541 3635 582 3687 39.
608 3641 659 3686 aut
683 3634 753 3700 quae
783 3632 929 3687 delendam
952 3645 1003 3689 aut
1027 3649 1096 3701 quae
1121 3639 1244 3702 praestat
1272 3628 1454 3686 scribendum

359 3733 415 3768 aare
432 3723 520 3767 censet
534 3715 566 3769 L.
590 3745 624 3754 -
640 3723 740 3784 patena
755 3716 796 3786 B.,
824 3717 931 3784 parenti
946 3719 994 3785 A.;
1019 3723 1132 3785 paterna
1149 3718 1183 3772 H.
1209 3745 1243 3756 -
1266 3720 1309 3772 43.
1336 3716 1454 3772 candido

358 3800 389 3852 Β.
407 3827 440 3837 -
458 3813 572 3852 carnosa
597 3801 672 3867 ponti
688 3801 729 3869 B.,
755 3800 867 3856 carbasa
893 3803 968 3856 uenti
983 3804 1017 3856 A.
1051 3800 1128 3856 Nam
1155 3802 1251 3856 borrae
1276 3799 1454 3854 scribendam

358 3890 416 3937 ert?
430 3915 464 3924 -
483 3888 525 3939 44.
550 3885 599 3938 lux
614 3887 686 3954 BA.;
712 3886 767 3940 dux
795 3887 823 3942 C.
841 3917 875 3926 —
901 3895 972 3942 oster
995 3887 1027 3940 B.
1044 3915 1078 3928 —-
1093 3889 1135 3941 45.
1161 3887 1270 3954 pelasca
1286 3884 1327 3952 B.,
1345 3883 1453 3951 pelasgi

358 3970 391 4021 A.
409 3999 443 4008 —
459 3974 579 4023 transtra
600 3985 656 4038 pro
684 3976 773 4025 castra
793 3973 954 4026 dubitanter
972 3973 1120 4040 proposuit
1141 3970 1172 4023 L.
1188 3997 1222 4008 -
1238 3971 1280 4024 46.
1304 3965 1453 4021 indomitus

358 4053 429 4120 BA.;
446 4053 509 4107 hinc
537 4053 660 4107 dominus
681 4054 712 4107 L.
735 4083 769 4093 -
790 4055 919 4124 Mycenas
941 4055 979 4109 M.
996 4083 1029 4093 -
1046 4057 1087 4108 49.
1110 4053 1182 4110 ferre
1203 4053 1244 4121 B.,
1268 4051 1340 4106 feret
1363 4051 1396 4104 A.
1415 4077 1452 4088 --

357 4136 398 4188 50.
417 4136 505 4204 serigo
520 4137 584 4190 uelu
600 4137 640 4204 B..
659 4137 745 4191 serica
761 4137 862 4194 nellum
879 4141 913 4193 A.
930 4167 963 4178 -
980 4139 1021 4192 ta.
1044 4137 1222 4191 turiuulascra
1239 4137 1279 4204 Β.,
1306 4133 1451 4190 thuribula

357 4231 419 4271 saro
434 4221 468 4272 A.
484 4246 518 4260 ··-
534 4222 576 4274 ot.
593 4221 731 4288 obstupuit
747 4222 780 4274 A.
797 4239 830 4262 ’-
848 4224 888 4278 55.
908 4221 995 4276 cultor
1012 4220 1125 4274 feriente
1143 4219 1221 4272 litata
1237 4219 1268 4272 B.
1285 4247 1319 4258 -
