3300 5042
757 602 795 663 21

139 854 144 896 ί
233 812 380 867 versatur
399 821 516 866 errore.
538 798 628 863 Nihil
648 798 737 862 aliud
756 797 842 865 enim
863 819 904 862 ex
924 798 973 862 his
985 798 1091 864 verbis
1106 787 1189 863 effici
1203 806 1324 884 potest,

233 903 297 966 nisi
331 899 419 985 quod
451 900 572 984 fingere
606 897 711 964 voluit
743 908 839 982 poeta
871 919 905 962 se
934 897 1050 962 ecdem
1081 907 1321 982 tempore‘cum

235 1000 359 1076 Oreste,
382 1023 479 1083 quem
499 999 562 1062 hoc
582 997 724 1062 carmine
737 997 885 1074 celebret,
907 997 1033 1062 vixisse.
1055 997 1096 1061 Id
1108 997 1319 1079 quodverum

234 1122 303 1166 esse
321 1099 414 1164 facile
433 1098 599 1182 intelleges
620 1097 670 1162 his
690 1098 838 1163 uersibus
859 1099 1039 1164 accuratius
1059 1097 1279 1183 perlustratis:

328 1221 403 1262 ecce
423 1197 602 1281 Mycenaea
622 1197 738 1283 triplex
757 1190 822 1261 iam
844 1219 939 1262 scena
958 1199 1106 1283 profanat
1137 1244 1141 1251 -

332 1297 558 1381 Graiugenum
576 1296 711 1372 famam3
734 1307 843 1362 vestro
863 1297 928 1362 iam
949 1297 1069 1382 parcite
1090 1297 1212 1362 mundo

332 1407 432 1483 atque
451 1417 548 1460 usum
569 1396 724 1460 scelerum
745 1396 870 1462 miseris
892 1407 997 1461 arcete
1018 1394 1175 1482 Pelasgis.
1235 1425 1238 1432 ’

140 1578 141 1585 ¹
315 1495 420 1575 Vides
440 1505 566 1580 poetam
592 1496 640 1560 ita
669 1495 760 1580 loqui
788 1497 874 1561 acsi
895 1496 1037 1580 aequalis
1059 1497 1101 1560 sit
1122 1495 1323 1581 temporibus

139 1589 146 1603 ⁸
235 1595 301 1660 illis
320 1594 474 1671 heroicis3
495 1607 568 1660 orat
585 1595 769 1674 enimdeos,
789 1608 828 1661 ut
841 1608 916 1682 post
929 1608 1033 1662 tantas
1045 1596 1081 1659 in
1093 1595 1324 1682 Pelopidarum

139 1699 142 1705 ’
234 1704 330 1779 gente
352 1693 464 1758 caedes
483 1693 548 1787 iam
568 1695 665 1761 finem
678 1695 798 1760 faciant
809 1696 966 1762 scelerum
979 1695 1178 1778 Graecisque
1188 1689 1324 1761 reddant

139 1845 142 1855 .
215 1791 408 1876 'tranquilla
428 1815 467 1857 ac
486 1792 582 1859 beata
601 1795 676 1858 otia
694 1795 776 1873 ,Alia
789 1805 897 1860 autem
913 1816 996 1878 quae
1007 1795 1323 1881 protulitMaehlyns

234 1893 276 1956 ad
296 1893 546 1959 confirmandam
569 1895 758 1960 sententiam
781 1916 874 1960 suam
888 1897 928 1960 de
942 1896 1114 1961 verborum
1130 1905 1321 1980 graecorum

140 2067 143 2084 ι
232 2016 296 2058 usu
333 1993 421 2080 apud
443 1992 569 2060 Orestis
604 2006 769 2062 auctorem
785 1995 958 2060 levissima
992 2007 1076 2060 sunt.
1120 1995 1203 2078 Quis
1239 1995 1324 2060 enim

140 2085 142 2105 ²
233 2093 344 2158 credat
361 2093 517 2176 Machlyo
537 2093 711 2157 aii'rrmanti
727 2096 797 2174 poli
822 2095 858 2158 in
883 2117 980 2158 versu
1006 2097 1068 2159 924
1089 2095 1324 2160 dativum-esse

234 2191 384 2256 vocabuli
405 2192 512 2275 graeci
533 2191 639 2268 πόλις,
659 2212 734 2256 cum
754 2191 842 2256 hand
864 2190 961 2256 dubie
987 2192 1028 2258 sit
1048 2193 1215 2278 genetivus
1236 2192 1324 2263 vocis

139 2356 142 2379 ,
229 2292 336 2372 polea,
358 2291 601 2377 coniungendas
622 2312 697 2357 cum
724 2293 818 2356 deum
844 2292 890 2357 ita
919 2304 956 2358 ut
983 2295 1032 2356 dii
1054 2293 1123 2375 poli
1142 2293 1241 2360 iidem
1261 2293 1325 2358 sint

139 2400 141 2409 ’
235 2413 275 2454 ac
295 2391 344 2454 dii
362 2391 442 2455 caeli
460 2393 512 2458 vel
533 2395 581 2456 dii
601 2394 752 2461 aulaea.
798 2395 911 2464 Oestrc
930 2415 1008 2460 vcro
1030 2390 1119 2477 quod
1139 2395 1324 2460 coniectura

140 2474 141 2509 ¹
232 2491 374 2556 restituit
400 2493 572 2579 Machlyes
599 2517 631 2559 v.
661 2495 733 2571 593,
761 2515 894 2578 prorsus
915 2494 1164 2580 improbandum
1184 2505 1251 2570 est,
1274 2517 1324 2558 sa-

233 2591 365 2656 nissima
386 2593 471 2658 enim
492 2595 521 2658 si
543 2595 623 2678 quid
642 2595 736 2659 video
766 2604 815 2658 est
836 2595 983 2661 codicum
1005 2595 1165 2678 scriptura
1187 2593 1325 2659 ‘obsidet

233 2700 266 2756 et
288 2693 432 2758 tremulis
453 2693 532 2758 haec
555 2694 775 2777 (scribendum
795 2696 859 2776 bis)
882 2692 1015 2758 vocibus
1036 2703 1124 2757 astra
1143 2693 1325 2770 lacessens',

233 2791 421 2856 confirmata
440 2794 511 2858 loco
529 2794 602 2860 Silii
615 2792 721 2860 Italici
742 2793 872 2874 (XVII,
893 2795 968 2877 386)
996 2793 1144 2858 ‘clamore
1165 2794 1324 2860 lacessunt

234 2888 357 2954 sidera?
400 2891 489 2972 Quid
518 2895 607 2977 quod
637 2917 697 2960 nec
723 2895 841 2959 desunt
874 2906 1073 2980 argumenta,
1106 2891 1225 2978 quibus
1259 2893 1322 2958 im-

232 3010 360 3073 pugnes
394 2993 582 3058 sententiam
618 3017 638 3057 a
668 2995 820 3079 Machlyo
860 2995 1068 3080 propositam.
1125 2995 1181 3060 An
1212 2993 1323 3060 eredas

232 3089 432 3174 scriptorem,
454 3093 511 3174 qui
531 3095 687 3178 Mycenas
714 3095 755 3158 ad
781 3117 870 3160 mare
899 3095 975 3160 sitas
997 3095 1182 3180 Thebisque
1202 3094 1324 3160 vicinas

233 3210 307 3252 csse
323 3189 450 3267 dixerit,
484 3193 540 3276 qui
568 3193 723 3257 iudicium
755 3195 795 3258 ds
816 3193 933 3260 Oreste
960 3195 994 3258 in
1015 3197 1134 3280 templo
1155 3195 1323 3259 Minervae

233 3289 323 3372 quod
354 3301 403 3356 est
432 3293 467 3356 in
498 3315 572 3358 arce
599 3293 745 3358 habitum
777 3317 845 3359 esse
876 3295 1013 3373 tinxerit,
1036 3295 1199 3362 Graecum
1223 3292 1322 3358 fuisse

231 3390 401 3460 hominem.
442 3393 634 3480 Numquam
660 3397 805 3481 prolecto
839 3398 891 3462 ille
912 3399 1058 3464 Athenas
1086 3395 1176 3472 vidit,
1205 3396 1261 3481 qui
1287 3397 1322 3462 in

233 3493 383 3569 carmine,
404 3495 461 3560 ubi
482 3497 587 3569 decies
608 3498 674 3561 fere
690 3497 814 3562 urbem
842 3499 929 3564 illam
952 3497 1221 3579 commemoravit,
1244 3497 1322 3562 nihil

233 3591 322 3654 aliud
343 3592 382 3655 de
403 3616 442 3657 ea
459 3597 622 3662 rettulerit
640 3598 702 3662 nisi
724 3621 831 3664 arcem
852 3600 897 3664 ibi
919 3621 992 3662 cum
1015 3598 1134 3683 templo
1155 3597 1322 3662 Minervae

234 3699 268 3751 et
292 3689 432 3755 scholam
459 3717 537 3761 esse.
579 3696 676 3764 Adde
711 3699 801 3783 quod
827 3699 883 3763 vix
912 3695 1063 3763 credibile
1089 3709 1138 3762 est
1160 3698 1322 3764 Graecum

233 3788 397 3856 hominem
418 3793 583 3879 scripsisse
604 3801 757 3882 Epismm
781 3800 886 3884 prima
914 3798 1010 3862 simul
1031 3800 1153 3884 syllaba
1174 3806 1323 3880 correpta

231 3891 284 3958 uel
303 3892 448 3978 legitima
468 3897 633 3962 nominum
655 3901 798 3982 Pyladis
824 3909 857 3966 et
877 3900 1059 3981 Iphigeniae
1086 3918 1237 3964 mensura
1263 3919 1321 3962 ne-

230 3993 336 4076 glecta
355 3994 450 4078 plene
470 3995 619 4061 vitiosam
640 3999 834 4074 adhibuisse,
856 4021 920 4082 qua
941 3999 980 4064 de
1003 4023 1037 4064 re
1051 4021 1129 4064 mox
1143 3997 1322 4064 accuratius

231 4091 324 4158 nobis
346 4093 517 4162 dicendum
539 4096 609 4162 erit.
651 4099 793 4164 Tantum
821 4098 911 4174 abest
937 4101 1046 4186 igitur,
1075 4107 1113 4164 ut
1134 4095 1322 4182 scriptorem

233 4200 395 4267 Graecum
416 4201 515 4269 fuisse
536 4209 702 4287 putemus,
724 4209 760 4265 ut
782 4200 809 4266 si
832 4225 897 4287 qua
915 4197 1257 4268 coniecturalecienda
1274 4209 1323 4264 est
