3300 5042
858 540 897 602 10

319 742 367 806 ita
385 740 460 818 sint,
479 739 660 806 landandus
680 740 812 825 quidem
834 751 882 806 est
899 740 1013 816 editor,
1035 739 1125 824 quod
1138 739 1311 808 Beruensis
1325 740 1424 806 Am-

321 840 528 924 brosianique
547 840 693 926 vulgavit
714 841 900 925 scripturas,
922 840 1096 922 editionem
1114 861 1191 906 vero
1207 841 1296 906 illam
1310 863 1426 923 neque

321 936 419 1006 ulliut
440 963 509 1005 esse
529 941 624 1026 pretii
645 964 751 1026 neque
771 940 967 1006 recensionis
988 939 1118 1008 nomine
1151 939 1283 1024 dignam
1304 962 1423 1008 omues

320 1040 465 1127 profecto
486 1041 669 1108 concedent.
693 1041 844 1108 Carmine
858 1041 960 1126 igitur
973 1041 1008 1106 iu
1021 1041 1127 1107 lucem
1148 1041 1275 1125 prolato
1292 1040 1425 1128 primus

322 1141 379 1225 qui
396 1141 466 1207 eius
484 1140 602 1205 misere
621 1141 788 1226 depravati
808 1163 920 1208 curam
936 1140 1114 1224 susciperet
1134 1140 1240 1208 extitit
1260 1139 1424 1206 11611116-

322 1241 399 1306 sius.
419 1241 455 1306 Is
466 1241 552 1306 enim
561 1239 846 1309 Miscellaneorum
860 1240 1129 1326 philologicorum
1144 1240 1227 1308 libro
1241 1241 1296 1308 ΠΙ
1306 1241 1422 1308 Vrati-

320 1339 438 1404 slaviae
460 1361 544 1405 anno
567 1341 646 1404 1861
669 1340 754 1406 edito
783 1339 823 1425 ¹¹)
845 1340 886 1405 de
911 1339 1061 1406 carminis
1091 1350 1222 1408 auctore
1251 1351 1283 1406 et
1303 1351 1424 1422 aetate,

319 1441 360 1504 de
382 1438 508 1504 dicendi
530 1462 648 1524 genere
669 1439 805 1524 aliisque
825 1440 860 1504 id
881 1463 983 1526 genus
1005 1439 1135 1526 egregie
1149 1450 1187 1504 ut
1201 1441 1283 1506 solet
1303 1441 1420 1525 dispu-

320 1537 417 1615 tavit;
440 1548 542 1607 artem
563 1540 706 1606 criticam
727 1551 836 1606 autem
855 1540 985 1626 parcius
1000 1538 1144 1606 exercuit
1157 1539 1268 1623 paucis
1292 1551 1420 1608 tentum

318 1638 398 1704 locis
419 1661 524 1721 neque
545 1640 584 1705 iis
605 1640 740 1707 feliciter
761 1663 889 1726 semper
911 1639 1063 1706 tractatis.
1107 1639 1266 1706 Haasium
1288 1652 1422 1704 secutus

319 1750 369 1802 est
376 1736 415 1800 A.
423 1735 660 1816 Rothmalerus,
672 1739 728 1822 qui
739 1738 774 1804 in
784 1751 1022 1826 programmate
1031 1740 1156 1805 scholae
1165 1739 1197 1804 N
1198 1740 1420 1808 ordhusiensis

319 1859 403 1902 anno
426 1839 506 1903 1865
528 1837 645 1903 emisso
664 1837 703 1923 ¹²)
725 1840 802 1905 satis
822 1842 942 1906 multos
956 1840 1053 1906 huius
1069 1841 1219 1906 carminis
1241 1841 1329 1906 locos
1346 1849 1419 1904 ten-

322 1937 402 2001 tavit
421 1938 476 2014 ita,
508 1948 546 2005 ut
565 1937 759 2024 plerumque
790 1951 848 2004 aut
879 1963 992 2006 verum
1024 1939 1132 2026 ipsum
1164 1939 1332 2026 indagaret
1360 1952 1421 2003 aut

320 2050 406 2102 certe
428 2036 618 2105 emendandi
647 2036 731 2102 viam
765 2039 961 2120 ostenderet,
989 2062 1063 2106 raro
1090 2063 1110 2104 a
1137 2063 1214 2106 vero
1243 2039 1418 2120 aberraret.

321 2135 424 2204 Cuius
445 2136 506 2202 viri
528 2135 703 2201 doctissimi
723 2138 854 2224 ingenio
875 2140 1053 2228 plurimum
1077 2140 1193 2207 debere
1209 2137 1334 2206 Orestis
1349 2149 1417 2204 tra-

321 2236 470 2321 goediam
490 2236 582 2301 facile
603 2236 808 2322 intellegetur
829 2263 870 2304 ex
891 2240 1128 2306 commentariis
1150 2239 1277 2329 criticis
1298 2237 1417 2306 Paullo

322 2348 399 2421 post
420 2337 499 2399 alter
520 2336 626 2400 extitit
646 2335 744 2401 huius
765 2337 915 2403 carminis
937 2340 1050 2418 editor,
1072 2339 1216 2406 Jacobus
1234 2339 1417 2424 Maehlyus,

321 2435 381 2519 qui
409 2435 490 2500 illud
522 2435 607 2522 typis
633 2434 833 2502 nitidissimis
859 2439 1041 2524 excriptum
1068 2438 1102 2504 in
1123 2438 1289 2526 publicum
1312 2439 1417 2508 emisit

320 2558 404 2600 anno
428 2538 518 2602 1866.
541 2538 579 2624 ¹³)
614 2538 722 2620 Quem
743 2538 887 2626 prolecto
909 2538 1084 2604 dolendum
1106 2549 1155 2605 est
1175 2561 1281 2625 neque
1301 2539 1416 2606 Haasii

319 2658 424 2718 neque
445 2637 645 2704 Rothmaleri
672 2639 796 2705 libellos
825 2638 1023 2726 cognovisse.
1066 2637 1152 2704 Nam
1174 2639 1201 2704 si
1222 2661 1335 2705 eorum
1356 2639 1415 2703 ha-

320 2734 444 2799 buisset
465 2738 622 2816 notitiam,
654 2761 835 2825 numquam
860 2737 929 2802 lieri
956 2738 1132 2823 potuisset,
1164 2748 1202 2803 ut
1230 2749 1295 2804 tam
1317 2739 1413 2804 vehs-

318 2843 443 2896 menter
483 2849 604 2901 erraret
638 2837 673 2902 in
709 2836 894 2914 codicibus,
933 2837 1152 2905 Ambrosiano
1185 2848 1217 2904 et
1248 2839 1414 2916 Beruensi,

320 2931 534 3000 aestimandis.
576 2936 628 3004 Ita
649 2936 734 3001 enim
755 2935 869 3001 statuit
896 2935 945 3000 vir
967 2937 1170 3005 doctissimus
1191 2964 1224 3028 p.
1246 2941 1332 3008 VH:
1365 2941 1410 3006 ‘Iu

321 3031 507 3097 universum
535 3057 612 3100 vero
640 3036 796 3120 spectanti
821 3059 873 3102 res
894 3035 940 3100 ita
968 3048 1018 3102 est
1044 3049 1239 3125 comparata,
1268 3040 1413 3106 utnulla

319 3132 414 3216 plane
434 3133 603 3199 vetustatis
624 3135 748 3200 ratione
769 3139 879 3204 habita
900 3161 938 3202 ea
959 3138 1000 3203 sit
1019 3139 1202 3226 promiscue
1225 3163 1265 3206 ex
1286 3139 1412 3206 utrovis

319 3231 413 3297 lectio
435 3235 597 3320 elegenda,
627 3257 710 3320 quae
739 3238 806 3303 sive
836 3237 877 3302 ab
903 3237 1059 3302 latinitate
1089 3237 1156 3304 sive
1185 3239 1225 3304 ab
1255 3240 1414 3306 exteriore

320 3331 464 3412 qualibet
484 3336 589 3420 specie
617 3335 773 3402 maiorem
799 3337 916 3402 habeat
941 3337 1270 3405 commendationem!
1314 3341 1415 3424 Quod

320 3453 418 3514 quam
438 3432 555 3500 falsum
576 3436 627 3514 sit,
658 3458 698 3500 ex
727 3437 772 3502 eis
803 3459 886 3522 quae
913 3436 1011 3502 modo
1038 3436 1178 3502 diximus
1206 3437 1412 3526 intellegitur.

318 3530 371 3594 Ea
391 3542 499 3598 autem
520 3533 561 3599 ab
582 3535 690 3602 radios
710 3536 802 3622 larga
825 3535 998 3622 pullulavit
1026 3559 1173 3604 errorum
1203 3561 1312 3626 seges,
1339 3562 1414 3606 oum

419 3724 451 3794 ¹¹)
468 3724 542 3779 Inest
566 3723 636 3780 liber
660 3727 706 3782 ille
730 3728 936 3798 programma,
963 3744 1015 3796 quc
1041 3728 1077 3784 ed
1104 3727 1174 3784 diem
1196 3729 1315 3786 natalem
1341 3729 1413 3800 regis

319 3803 445 3862 Gulielmi
461 3808 652 3862 celebrandum
669 3810 789 3866 inritavit
806 3818 917 3866 senatus
934 3812 1091 3868 academiae
1108 3815 1335 3872 Vratislaviensis.

345 3975 373 4028 al
422 3892 453 3959 ¹²)
470 3892 631 3960 Inscuptum
649 3899 705 3947 est:
723 3894 825 3950 Orestis
843 3895 982 3964 tragoedia
999 3897 1158 3954 emendatur
1172 3899 1206 3953 ab
1217 3897 1316 3954 Adolfc
1328 3899 1413 3954 Roth·

318 3991 345 4028 m
374 3991 411 4030 er.

421 4060 452 4126 ¹⁸)
469 4062 602 4131 Anonymi
627 4061 729 4116 Orestis
754 4065 911 4134 tragoedia,
942 4065 1153 4122 emendatiorem
1186 4065 1270 4120 edidit
1294 4037 1413 4122 lacobus
1517 4055 1518 4084 ³

318 4143 437 4214 Mechly‚
454 4145 564 4213 Lipsiae
581 4146 739 4201 insedibus
756 4147 788 4200 B.
807 4148 838 4201 G.
856 4149 999 4204 Teubneri.
