3300 5042
858 579 896 644 18

329 783 365 847 in
385 779 456 846 aliis
476 776 606 843 brevior
625 784 723 859 atque
744 775 920 840 obscurior.
955 775 1010 842 Sic
1030 785 1068 840 ut
1088 776 1273 862 exemplum
1290 777 1437 844 afferam

301 921 308 934 ·
331 881 372 946 de
393 879 520 946 Orestis
539 876 653 942 itinere
671 876 706 940 in
727 875 854 942 Tauros
875 877 1038 959 fratreque
1059 876 1099 941 ab
1121 876 1290 962 Iphigenia
1311 878 1437 962 agnito

330 978 532 1066 paucissimis
553 977 659 1044 verbis
681 976 831 1062 exposuit
852 976 895 1060 (v.
912 978 972 1042 865
988 977 1082 1060 sqq.).
1105 977 1255 1042 Alterum
1278 1001 1441 1043 summae

330 1078 496 1146 brevitatis
517 1078 700 1162 exemplum
722 1087 771 1141 est
791 1099 903 1142 versus
927 1079 1000 1142 151:
1034 1077 1126 1143 ‘dixit
1154 1087 1186 1142 et
1211 1077 1323 1143 elisam
1348 1079 1443 1144 reti·
1508 1144 1512 1159 ,

331 1190 408 1247 nent
427 1201 486 1266 per
507 1188 647 1242 transtra
677 1177 847 1252 rudentes,
881 1199 977 1260 quem
1010 1197 1084 1242 cum
1114 1177 1366 1243 obscurissimus
1391 1179 1445 1242 sit
1507 1218 1511 1237 .

330 1281 464 1347 diversis
485 1277 662 1344 rationibus
693 1276 767 1342 licet
797 1275 1008 1362 interpretari.
1052 1276 1174 1343 Contra
1198 1277 1356 1342 latissime
1399 1301 1444 1344 se

331 1381 417 1446 indit
437 1379 575 1464 scriptor
590 1377 640 1440 ‘in
673 1376 713 1441 iis
748 1377 946 1442 orationibus
982 1377 1033 1442 vel
1065 1376 1275 1452 sermonibus,
1303 1377 1442 1459 quibus

331 1502 485 1568 personas
506 1479 540 1541 in
561 1477 701 1542 carmine
727 1500 786 1541 suo
814 1500 890 1542 usas
911 1477 995 1542 fecit.
1039 1476 1142 1544 Cuius
1163 1477 1210 1540 rei
1232 1477 1444 1542 documenta

333 1592 409 1648 sunt
430 1602 592 1646 sermones
611 1579 774 1664 longiores
796 1577 1081 1663 Clytaemnestram,
1109 1577 1204 1643 latior
1229 1577 1331 1642 oratio
1355 1577 1441 1643 Do-

245 1740 249 1750 .
332 1683 422 1770 rylae
443 1680 484 1745 ad
506 1680 711 1765 sepulchrum
726 1680 980 1763 Agamemnonis
1002 1678 1120 1754 habita,
1143 1677 1281 1760 denique
1303 1677 1440 1743 oratio-

332 1805 389 1848 nes
425 1779 541 1846 actoris
576 1778 689 1862 reique
722 1777 756 1842 in
791 1778 932 1842 carmine
967 1790 1119 1844 extremo.
1162 1776 1299 1842 Accedit
1336 1780 1439 1861 quod

285 1867 290 1882 ⁶
334 1882 472 1967 scriptor
502 1901 607 1963 neque
643 1877 771 1963 ingenio
803 1877 929 1962 poetico
964 1901 1069 1966 neque
1091 1877 1236 1948 doctrina
1257 1884 1290 1941 et
1310 1879 1440 1944 studiis

334 1981 381 2047 ita
401 1981 464 2044 fuit
482 1978 670 2055 instructus,
698 1986 737 2042 ut
763 1999 825 2063 par
855 1987 940 2042 esset
966 1977 1117 2043 materiae
1138 1961 1205 2040 tam
1226 1976 1318 2061 gravi
1340 1988 1437 2045 trac·

334 2078 458 2147 tandae.
513 2080 713 2163 Plerumque
748 2077 834 2142 enim
869 2099 928 2163 per
962 2078 1097 2143 humum
1133 2078 1226 2163 repit,
1261 2097 1335 2141 raro
1375 2083 1436 2145 vel

334 2203 512 2265 numquam
534 2202 717 2265 assurgens,
738 2201 775 2244 ac
796 2178 824 2245 si
847 2179 975 2261 quando
998 2179 1114 2244 attollit
1134 2179 1321 2254 orationem,
1350 2201 1437 2246 mox

334 2282 472 2366 turpiter
491 2279 612 2344 labitur
633 2278 728 2362 nugis
749 2277 928 2362 puerilibus
947 2279 1131 2344 delectatus.
1153 2277 1297 2344 Maxime
1318 2291 1435 2346 autem

334 2380 455 2467 gaudet
474 2378 561 2442 inani
582 2377 757 2442 verborum
776 2399 898 2461 pompa
919 2389 951 2441 et
972 2378 1074 2442 omnis
1104 2377 1231 2463 generis
1252 2378 1434 2458 lenociniis,
1497 2388 1500 2397 '

335 2480 455 2566 quibus
473 2478 576 2544 oratio
591 2477 660 2543 eius
673 2476 785 2562 putide
800 2486 850 2542 est
863 2488 985 2556 ornata,
996 2477 1030 2542 in
1038 2478 1151 2563 primis
1166 2477 1432 2546 contentionibus
1498 2468 1502 2495 ¹

336 2593 371 2648 et
391 2579 633 2666 gradationibus
665 2585 697 2642 et
729 2577 900 2663 asyndetis.
945 2577 1074 2660 Quibus
1105 2578 1218 2663 figuris
1254 2601 1328 2644 eum
1362 2603 1433 2645 uno

338 2682 503 2766 alteroque
523 2681 594 2745 loco
608 2679 697 2744 haud
716 2678 825 2764 inepte
846 2702 942 2744 usum
964 2701 1033 2744 esse
1054 2679 1220 2744 fatendum
1241 2688 1300 2755 est,
1327 2680 1434 2744 veluti

334 2782 368 2846 in
388 2804 485 2846 versu
507 2783 568 2846 276
590 2802 610 2842 a
629 2779 669 2845 L.
693 2778 853 2844 Muellero
885 2779 1016 2843 laudato
1048 2785 1090 2842 ‘et
1125 2789 1211 2844 caret
1241 2779 1316 2864 igne
1342 2779 1431 2864 rogi,

335 2880 468 2946 dederat
502 2879 558 2962 qui
578 2878 740 2963 Pergama
769 2877 933 2954 flammis’3
966 2901 1079 2942 verum
1107 2880 1185 2944 tales
1213 2879 1363 2944 flosculos
1386 2902 1430 2944 ex

337 2979 453 3066 quovis
487 2979 555 3044 fere
589 2988 686 3064 poeta
720 2977 818 3043 latino
853 2975 942 3042 haud
975 3001 1096 3064 paucos
1143 2979 1218 3044 licet
1259 2978 1431 3065 decerptos

335 3102 526 3170 proponere.

434 3180 526 3248 Haec
545 3179 646 3265 igitur
667 3178 694 3243 si
717 3178 778 3244 sub
799 3201 865 3243 uno
888 3189 1019 3264 aspectu
1040 3179 1146 3266 posita
1167 3175 1426 3254 consideraveris,

335 3281 501 3366 intelleges
522 3280 596 3345 inde
610 3279 703 3344 nobis
724 3301 835 3342 ansam
857 3279 927 3342 dari
949 3279 1124 3344 coniciendi
1146 3288 1310 3343 auctorem
1331 3277 1423 3342 huius

335 3381 436 3448 libelli
455 3383 553 3446 fuisse
575 3378 851 3446 adulescentulum
866 3401 903 3442 ac
918 3377 1074 3462 sagaciter
1085 3401 1160 3442 sane
1175 3402 1242 3443 rem
1258 3377 1430 3443 odoratum

340 3503 410 3546 esse
424 3479 643 3567 Pomponium
658 3476 863 3553 Sabellicum,
886 3499 959 3542 curn
981 3477 1115 3542 dixisset
1135 3501 1209 3542 eum
1231 3501 1271 3542 ex
1281 3477 1342 3543 hoc
1355 3478 1430 3562 ipso

340 3578 480 3645 carmine
500 3580 659 3664 poeticam
688 3577 890 3663 auspicatum
920 3601 998 3643 esse.
1041 3576 1144 3644 Cuius
1173 3579 1329 3642 sententia
1348 3597 1427 3662 pro-

339 3680 416 3747 bata
425 3679 566 3744 Haasius
588 3678 633 3763 (p.
644 3678 700 3764 32)
723 3677 846 3743 addidit
866 3677 968 3742 videri
989 3677 1078 3742 illum
1093 3678 1268 3742 rhetoricae
1285 3677 1430 3760 iurisque

339 3781 447 3848 studio
466 3779 501 3844 in
522 3778 630 3844 schola
650 3780 790 3863 quadam
812 3778 937 3843 dedisse
960 3799 1089 3863 operam
1112 3779 1149 3844 ae'
1171 3778 1259 3862 quod
1279 3787 1312 3841 et
1332 3799 1428 3862 prae-

340 3881 462 3966 cepisse
482 3879 654 3964 magistros
676 3880 802 3965 saepius
824 3890 858 3944 et
877 3879 1038 3942 factitasse
1066 3879 1240 3964 discipulos
1269 3899 1309 3942 ex
1328 3897 1426 3961 prae-

340 3981 440 4065 ceptis
461 3988 594 4056 constet,
626 3978 661 4041 id
691 3977 798 4063 ipsum
825 3979 921 4044 etiam
943 3978 1064 4056 fecisse,
1093 3991 1130 4043 ut
1151 4000 1278 4042 carmen
1301 3976 1429 4064 epicum

341 4081 483 4146 exercitii
512 4080 616 4166 gratia
637 4080 797 4157 conderet,
825 4103 891 4165 quo
920 4079 1094 4144 faciliorem
1119 4077 1356 4144 nancisceretur
1377 4073 1427 4138 di-

341 4179 434 4244 cendi
455 4181 579 4265 copiam
608 4179 852 4264 figurarumque
881 4190 913 4244 et
940 4179 1138 4263 reliquorum
1167 4186 1427 4242 ornamentorum
