3300 5042
756 589 796 656 25

233 789 362 860 Horatii
374 787 558 873 Tibullique
572 787 737 872 exemplis,
759 809 897 871 quorum
918 789 1000 857 alter
1018 789 1096 854 sciet
1115 786 1241 872 (Cam
1260 787 1323 865 IV,

233 895 266 968 4,
287 889 353 972 65),
373 890 454 954 alter
474 890 608 955 transiet
629 886 669 970 (Ι,
689 890 721 963 4,
742 889 796 968 27)
818 887 923 952 dicere
943 909 1006 952 non
1021 885 1187 954 dubitavit.
1210 887 1322 954 Minus

233 1013 309 1057 vero
343 991 448 1075 placet
476 989 581 1052 forma
614 990 785 1052 moenam
820 991 862 1065 (v.
892 987 977 1070 815),
1010 1010 1092 1072 quae
1125 1010 1322 1072 quamquam

233 1091 439 1158 confirmatur
459 1089 553 1152 titulo
574 1087 896 1175 apud'Muratorium
927 1090 1010 1168 (337,
1032 1089 1076 1172 5),
1106 1088 1162 1154 ubi
1189 1091 1323 1152 lectitas

230 1192 360 1276 legitur,
381 1199 489 1254 tamen
509 1187 690 1255 novissimis
712 1188 843 1253 demum
865 1189 1060 1274 temporibus
1086 1199 1155 1252 orta
1182 1210 1250 1252 esse
1271 1189 1320 1254 vi-

231 1292 336 1358 detur.
378 1289 443 1354 His
464 1287 546 1353 adde
567 1289 745 1373 perfectum
760 1291 859 1372 sumi
880 1291 925 1373 (v.
948 1291 1034 1374 816),
1058 1289 1224 1354 insolitum
1248 1289 1321 1371 qui·

232 1392 317 1469 dem,
337 1413 414 1456 nam
434 1389 668 1473 praeterhunc
692 1389 800 1455 locum
827 1411 892 1454 non
912 1389 1031 1474 legitur
1051 1389 1113 1454 nisi
1132 1389 1167 1454 in
1190 1388 1322 1474 Ocrippi

231 1491 375 1558 Johann.
396 1489 475 1566 VII,
496 1490 566 1567 137,
588 1490 646 1556 sed
666 1488 792 1574 legibus
814 1490 1031 1574 grammaticis
1051 1511 1115 1554 non
1128 1509 1321 1574 repugnans.

311 1590 395 1660 ‚Jam
417 1612 492 1656 vero
520 1591 560 1656 de
581 1591 754 1659 verborum
783 1591 1016 1657 constructione
1037 1613 1096 1676 age
1114 1614 1156 1670 ea
1177 1611 1259 1674 quae
1281 1589 1323 1654 ad
1424 1599 1432 1612 '

231 1715 302 1758 rem
321 1691 443 1756 faciunt
463 1692 604 1758 breviter
623 1702 830 1780 exponamus.
855 1692 930 1774 Qua
949 1692 983 1755 in
1004 1713 1039 1756 re
1060 1691 1201 1776 primum
1229 1712 1320 1754 rnen·

233 1791 352 1856 tionem
371 1791 486 1856 faciam
505 1792 597 1857 verbi
613 1800 687 1874 peto
708 1815 783 1856 cum
804 1791 924 1876 duplici
952 1790 1132 1876 accusativo
1158 1799 1193 1856 et
1211 1810 1320 1874 perso·

215 1884 293 1956 'nae
322 1902 355 1957 et
380 1892 432 1958 rei
462 1891 623 1956 coniuncti
655 1892 699 1974 (v.
721 1893 806 1972 523),
836 1914 919 1975 quse
939 1890 1131 1956 constructio
1153 1888 1322 1974 peculiaris

229 2003 280 2056 est
292 1992 466 2058 verborum
478 1991 642 2076 poscendi,
662 1992 855 2076 postulandi,
876 1992 1019 2076 rogandi,
1042 2011 1238 2075 quamquam
1256 1987 1323 2055 iam

228 2094 313 2156 illud
333 2101 363 2155 te
380 2101 451 2173 peto
481 2092 601 2176 legitur
633 2092 668 2154 in
692 2093 831 2176 epistula
850 2091 1035 2156 Dolabellae
1071 2091 1112 2154 ad
1133 2089 1321 2155 Ciceronem

231 2191 289 2275 (ad
309 2191 374 2256 div.
394 2190 461 2267 IX,
482 2193 513 2266 9,
535 2189 581 2274 2).
623 2191 706 2254 Tum
733 2190 893 2255 notandus
922 2201 971 2256 est
997 2192 1085 2255 locus
1106 2189 1321 2256 memorabilis

230 2313 262 2356 v.
283 2291 347 2354 253
377 2299 411 2354 et
435 2291 497 2356 254
533 2289 625 2354 ‘dixit
658 2300 692 2354 et
726 2300 861 2356 exutum
896 2290 1012 2356 tutanti
1046 2290 1186 2376 tegmine
1220 2311 1322 2372 rupem

231 2389 347 2457 callida
379 2391 512 2456 funereo
542 2391 707 2476 perfundit
736 2411 850 2474 cmpos
880 2392 1017 2471 amictis,
1047 2413 1110 2476 quo
1131 2393 1201 2456 loco
1222 2390 1321 2457 nolim

229 2515 305 2558 cum
325 2483 448 2557 Haasio
469 2494 512 2577 (p.
532 2493 590 2575 36)
611 2492 652 2556 de
673 2493 854 2558 accusativo
882 2494 1027 2574 absoluto
1056 2493 1107 2558 vel
1135 2492 1175 2562 de
1204 2511 1320 2555 ansco-

229 2593 334 2658 luthia
368 2593 509 2679 quadam
545 2594 695 2680 cogitare,
731 2594 789 2658 scd
823 2615 935 2675 corpus
968 2593 1187 2658 accusativum
1224 2613 1321 2674 quem

230 2692 343 2757 dicunt
362 2693 568 2778 appositionis
587 2717 657 2763 esse
677 2694 827 2758 existimo
847 2693 903 2770 ita,
924 2693 1008 2758 utin
1023 2715 1061 2758 ea
1075 2690 1322 2768 constructione,

231 2813 330 2874 qnam
354 2802 470 2856 vocant
495 2791 534 2860 τὸ
562 2801 672 2878 σχῆμα
692 2793 777 2859 aot'
807 2788 888 2860 ὅλον
916 2792 972 2856 καὶ
1000 2790 1084 2858 κατὰ
1119 2790 1226 2873 μέρος,
1255 2791 1320 2856 duo

230 2891 405 2956 accusativi
437 2894 667 2960 consociantur.
711 2893 864 2962 Ceterum
899 2893 1047 2961 lubenter
1078 2892 1215 2958 concedo
1243 2913 1321 2958 con·

230 2990 438 3056 structionem
450 2993 537 3060 illam
551 3017 615 3060 non
628 2995 736 3062 minus
750 3019 821 3061 esse
841 2995 1030 3072 mirabilem,
1051 3013 1150 3078 quarn
1163 3002 1320 3057 nocturna

229 3097 442 3176 menatem.
464 3095 536 3172 394,
557 3095 645 3179 quod
665 3098 753 3162 nullo
780 3108 873 3182 pacto
905 3095 1082 3182 comparari
1112 3103 1217 3180 potest
1245 3115 1319 3160 cunr

232 3191 280 3256 eis
300 3214 385 3276 quae
405 3193 561 3278 legrmtur
579 3217 610 3259 v.
631 3196 693 3260 365
707 3183 846 3278 funesta
856 3199 1023 3278 pbaapene,
1044 3219 1075 3262 v.
1097 3197 1157 3260 616
1179 3193 1319 3256 iuvenale

224 3293 378 3374 frameas,
407 3317 437 3360 v.
467 3295 529 3359 902
559 3303 674 3358 carseta
702 3317 816 3361 severa
858 3295 986 3362 Deinde
1018 3293 1189 3363 dicendum
1209 3301 1258 3359 est
1279 3292 1320 3358 de

229 3387 385 3478 singulari
416 3395 512 3480 plane
545 3417 608 3460 usu
639 3395 779 3480 genetivi
812 3419 843 3462 v.
864 3399 927 3462 440
949 3400 1008 3478 pic
1028 3395 1178 3476 concupio,
1200 3394 1256 3460 ubi
1276 3417 1318 3459 ex

229 3494 393 3558 communi
412 3517 501 3560 more
521 3498 737 3581 expectaveris
772 3498 878 3583 potius
905 3499 966 3580 pia
1000 3499 1036 3559 io
1056 3496 1223 3578 cooiapcm,
1254 3517 1319 3579 qua

229 3615 305 3656 oum
325 3593 461 3660 dictione
482 3594 657 3663 similitudo
679 3596 837 3682 quasdam
858 3604 908 3664 est
928 3597 957 3662 ei
979 3617 1063 3680 quae
1075 3597 1194 3682 legitur
1206 3619 1238 3662 v.
1253 3596 1317 3662 893

230 3693 418 3774 &devilem
437 3717 592 3777 ΜΡΜ.
633 3697 772 3765 eradit
800 3698 1078 3782 frequentissimus
1111 3721 1191 3764 usus
1222 3717 1315 3782 prae-

227 3791 395 3878 positionis
417 3795 464 3870 de,
486 3797 541 3878 qui
562 3819 637 3862 cum
656 3800 721 3863 iam
741 3800 776 3864 in
794 3799 902 3883 prisca
921 3797 1032 3884 lingua
1053 3799 1128 3864 satis
1149 3799 1242 3882 longe
1256 3817 1316 3882 pa·

229 3893 353 3970 tuisset,
374 3892 517 3959 inferiori
537 3907 639 3963 aetate
659 3896 756 3963 latius
775 3898 874 3962 etiam
902 3919 1031 3965 manare
1052 3900 1164 3984 coepit.
1208 3895 1262 3962 Sic
1281 3897 1316 3962 in

227 4015 325 4058 versu
352 3994 416 4074 illo,
444 4017 541 4080 quem
569 3997 663 4061 modo
691 3999 1020 4077 commemoravimus,
1047 3999 1147 4065 verba
1167 3997 1257 4077 inpia
1279 3998 1318 4062 do

228 4114 260 4156 ro
281 4104 428 4160 accurate
455 4093 650 4182 respondent
676 4097 721 4162 eis
750 4119 833 4184 quae
857 4101 1053 4186 praecedunt
1073 4100 1133 4179 pic
1158 4098 1315 4180 cooiopis3

231 4195 366 4260 alterum
398 4197 581 4283 exemplum
613 4195 794 4267 continetur
827 4223 857 4266 v.
894 4203 954 4266 542
990 4197 1133 4265 ‘crimina
1166 4199 1317 4284 purgabit
