3300 5042
747 629 785 690 19

222 856 320 898 usum
360 830 567 915 paratiorem,
615 849 753 912 quarum
796 841 917 888 rerum'
945 823 979 886 in
1022 820 1135 906 grandi
1176 824 1310 888 materia

146 931 148 940 '
223 933 344 997 variam
365 941 397 993 et
415 931 540 1014 largam
561 949 631 992 esse
652 927 838 992 facultatem
855 923 902 1007 ¹⁵).
959 922 1072 1005 Atque
1094 922 1170 987 artis
1201 923 1310 988 rheto-

225 1035 311 1099 ricae
366 1032 556 1116 scriptorem
604 1027 703 1092 luisse
752 1025 933 1090 studiosum
975 1023 1149 1088 ostendunt
1188 1025 1311 1108 figurae

146 1134 153 1193 t
225 1134 328 1198 omnis
350 1131 476 1217 generis
502 1151 635 1213 operose
658 1127 764 1191 illatae
792 1126 825 1189 in
844 1124 1020 1190 orationem
1042 1133 1139 1206 atque
1169 1146 1235 1188 uno
1257 1147 1312 1189 eo-

147 1257 153 1294 s
222 1235 364 1318 demque
397 1233 468 1296 loco
501 1229 694 1304 cumulatae,
730 1249 796 1311 qua
830 1247 865 1290 rc
887 1223 1034 1308 arguitur
1055 1223 1232 1308 discipulus
1252 1245 1312 1290 nec

148 1358 152 1394 s
223 1334 344 1398 iudicio
376 1340 524 1394 maturus
555 1349 614 1392 nec
654 1328 730 1392 satis
762 1349 824 1390 usu
860 1325 1061 1390 exercitatus.
1114 1321 1207 1389 Juris
1235 1345 1311 1390 vero

226 1433 371 1498 studium
401 1441 434 1494 et
467 1427 663 1493 declamandi
694 1426 957 1494 consuetudinem
979 1423 1121 1488 indicant
1142 1447 1217 1488 cum
1240 1445 1313 1489 ora-

226 1534 340 1607 tiones,
374 1549 454 1614 quas
489 1529 522 1592 in
543 1531 683 1592 carmine
714 1536 857 1590 extremo
889 1524 1014 1588 habitas
1035 1524 1111 1588 fecit
1131 1547 1150 1588 a
1167 1525 1313 1590 Molosso

225 1643 258 1696 et
280 1629 406 1705 Oreste,
429 1641 497 1694 tum
517 1629 669 1711 frequens
704 1648 817 1690 eorum
852 1621 1085 1690 vocabulorum
1112 1647 1202 1700 usus,
1231 1647 1314 1707 quae

224 1729 260 1793 in
293 1729 375 1794 iuris
414 1729 580 1815 disciplina
622 1728 673 1792 vel
713 1725 833 1791 forensi
869 1723 1099 1790 cousuetudine
1138 1735 1315 1800 versantur.

227 1829 330 1895 Cuius
356 1829 482 1914 generis
512 1838 588 1893 sunt
614 1836 724 1891 reatus
752 1825 818 1911 (vv.
843 1827 892 1903 66,
915 1826 1001 1912 929),
1018 1828 1249 1908 praescriptam
1271 1825 1314 1911 (v.

145 1941 150 2003 ξ
224 1931 286 1995 588
293 1953 302 2005 ;
335 1929 390 1995 cfr.
414 1927 526 2011 Quint.
553 1927 633 2004 VII,
661 1929 690 2004 5,
716 1927 747 2004 3,
779 1925 857 2012 Dig.
883 1925 992 2008 LVII,
1023 1927 1071 2001 15,
1100 1924 1144 2010 3),
1176 1929 1315 1991 annitere

145 2065 149 2105 ,ν
224 2037 268 2106 (V.
291 2031 378 2113 887),
400 2029 470 2093 alla.

307 2162 458 2227 Imitatus
489 2159 598 2225 autem
629 2169 679 2225 est
709 2159 847 2244 scriptor
874 2159 908 2222 in
929 2146 1068 2224 carmine
1097 2183 1156 2226 suc
1177 2163 1315 2240 maxime

146 2269 148 2303 ⁷
225 2259 426 2345 Vergilium,
466 2259 559 2325 cuius
598 2259 711 2346 ingens
748 2259 811 2324 fuit
842 2259 930 2347 apud
971 2283 1080 2328 omncs
1123 2263 1315 2329 recentiores

227 2359 409 2426 auctoritas.
446 2353 507 2427 'Sic
528 2384 572 2451 'eo
600 2354 680 2438 loco',
709 2383 774 2445 quo
796 2371 945 2426 narratur
966 2360 1219 2446 Agamemnonis
1241 2389 1313 2430 um-

224 2461 316 2526 bram
337 2460 484 2545 Athenas
511 2461 688 2548 profectam
717 2461 903 2546 apparuisse
932 2459 1042 2526 Oresti
1073 2461 1244 2528 dormienti
1270 2465 1314 2550 (v.

224 2563 287 2627 514
308 2560 404 2647 sqq),
426 2562 495 2627 sine
516 2561 615 2626 dubio
637 2570 710 2625 ante
732 2561 841 2626 oculos
862 2560 976 2625 habuit
996 2560 1211 2626 narrationem
1229 2563 1316 2628 illam

224 2661 265 2725 de
293 2661 445 2726 Hectoris
473 2661 591 2727 umbra
617 2661 748 2726 Aeneae
779 2661 814 2725 in
842 2660 974 2724 somniis
1007 2660 1114 2725 oblata
1143 2661 1238 2743 (Aen.
1260 2661 1317 2740 Π.,

225 2763 287 2826 268
309 2762 404 2845 sqq).
447 2761 543 2826 Alter
562 2761 664 2838 locus,
687 2760 744 2845 qui
764 2759 807 2822 ad
827 2759 1011 2844 exemplum
1040 2759 1175 2846 episodii
1197 2761 1315 2848 Vergi-

224 2859 303 2922 liani
324 2862 419 2940 (Aen.
439 2859 505 2936 IX,
527 2861 588 2925 368
610 2860 695 2944 sqq.)
726 2859 943 2925 conformatus
972 2868 1030 2936 est,
1059 2860 1240 2927 continetur
1264 2888 1315 2934 vv.

227 2952 404 3034 ott-642,
427 2959 544 3041 quibus
559 2958 684 3025 Orestis
706 2959 739 3023 in
759 2959 897 3046 patriam
919 2958 1081 3024 redeuntis
1103 2961 1164 3025 iter
1184 2973 1316 3028 noctur-

226 3081 309 3122 num
330 3057 530 3123 describitur.
561 3058 627 3124 Sed
646 3059 741 3144 longe
762 3059 865 3124 maior
886 3069 934 3123 est
955 3081 1067 3124 eorum
1087 3060 1233 3126 locorum
1253 3086 1316 3128 nu·

226 3180 347 3234 merus,
367 3157 425 3223 ubi
446 3157 662 3246 velgsin'gulos
683 3180 795 3222 versus
816 3157 954 3244 Vergilii
979 3159 1032 3224 vel
1052 3159 1177 3223 dicendi
1197 3162 1316 3230 formas

225 3255 381 3324 imitando
416 3257 576 3346 expressit
609 3256 755 3344 scriptor.
798 3256 901 3323 Cuius
934 3258 1060 3344 generis
1087 3259 1224 3324 cnuthi
1243 3261 1316 3344 loci,

226 3379 367 3442 quorum
395 3359 567 3424 nonnullos
598 3357 664 3422 iam
692 3357 844 3422 indicavit
871 3355 911 3422 L.
934 3357 1130 3424 Muellerus:
1159 3383 1189 3426 v.
1218 3363 1259 3428 54
1284 3375 1317 3430 et

226 3479 318 3521 mens
340 3457 401 3522 sibi
421 3458 549 3524 conscia
568 3457 662 3545 pravi
683 3458 779 3541 (Aen.
800 3457 830 3536 Ι,
851 3460 913 3524 604
933 3468 966 3524 et
980 3481 1083 3549 'meus
1109 3457 1170 3526 sibi
1191 3467 1318 3534 conscia

227 3557 332 3640 recti),
353 3580 383 3619 v.
407 3559 465 3624 105
487 3571 640 3647 retroque
660 3559 777 3644 pedem
805 3582 880 3626 cum
908 3582 986 3624 voce
1008 3570 1132 3625 coercet
1153 3563 1249 3641 (Aen.
1270 3565 1316 3644 H,

229 3657 291 3720 378
312 3664 463 3738 retroque
483 3659 599 3742 pedem
620 3682 694 3724 cum
715 3682 794 3725 voce
815 3658 990 3745 repressit),
1012 3682 1041 3724 v.
1065 3661 1124 3726 168
1141 3663 1317 3728 moriemur

228 3753 326 3820 inulti
347 3754 445 3838 (Aen.
467 3755 513 3834 II,
534 3757 620 3841 670),
641 3783 672 3825 v.
687 3762 748 3825 580
769 3759 919 3824 dentibus
939 3757 1120 3826 infrendens
1141 3761 1237 3845 (Aen.
1252 3759 1316 3842 ΠΙ,

228 3857 300 3932 664,
321 3853 369 3934 Χ,
391 3855 477 3939 715),
507 3880 537 3921 v.
569 3859 628 3926 615
656 3859 729 3925 felle
763 3856 884 3925 doloris
914 3857 1009 3944 (Aen.
1030 3857 1125 3940 vm,
1154 3861 1216 3926 220
1241 3859 1315 3933 felle

329 4092 362 4161 ¹³)
378 4091 446 4146 Eius
462 4091 534 4145 modi
550 4089 609 4144 fere
625 4107 734 4146 carmen
750 4062 870 4148 eremitii
886 4110 968 4150 causa
984 4097 1157 4164 compositum
1170 4100 1211 4148 est
1223 4096 1312 4159 decla,

229 4174 311 4226 matio
329 4173 470 4228 Octaviani
491 4176 819 4243 cniusdam,Crescenti11i
840 4177 897 4248 filii,
920 4195 1000 4248 quam
1022 4177 1106 4236 edidit
1122 4178 1160 4234 M.
1177 4179 1311 4251 Hauptius

228 4254 257 4308 in
275 4258 478 4311 amirmulin.
497 4259 596 4315 Sason.
616 4260 688 4328 1847,
705 4276 732 4327 p.
749 4263 796 4317 211
816 4277 872 4331 sqq.
1102 4259 1105 4266 '

1078 4345 1117 4406 2*
