3300 5042
860 605 901 666 30

339 807 494 873 sermonis
515 805 608 870 fluxit
627 803 814 881 imitatione,
835 803 922 868 haud
942 825 1017 867 raro
1033 803 1197 868 invenitur
1208 806 1242 870 in
1256 815 1435 892 poetarum

337 908 509 971 latinorum
545 906 697 992 operibus
732 905 801 988 (cir.
836 906 936 990 Verg.
973 903 1056 969 Aen.
1093 904 1120 983 I,
1155 907 1220 970 527·
1249 929 1322 971 cum
1343 915 1432 970 nott.

338 1008 500 1091 interpp).
530 1007 653 1088 'Atque
684 1005 734 1070 his
767 1005 1026 1070 annumerandus
1059 1004 1153 1070 etiam
1181 1016 1230 1070 est
1249 1005 1434 1072 infinitivus

338 1131 369 1172 v.
390 1109 451 1171 402
472 1106 577 1171 ‘unica
596 1127 684 1170 mors
704 1116 804 1169 restat
824 1104 945 1170 morbis
960 1107 1057 1188 finire
1071 1106 1228 1182 salutem’,
1248 1106 1338 1170 cuius
1353 1105 1432 1170 loco

337 1208 372 1271 in
391 1229 489 1293 prosa
510 1205 652 1271 oratione
674 1205 792 1269 dixeris
815 1212 908 1288 ‘quae
939 1205 1039 1269 vitam
1067 1205 1188 1271 morbis
1209 1206 1316 1270 finiat’.
1360 1205 1433 1272 Sed

337 1309 456 1381 mirum
478 1329 554 1371 sane
574 1315 623 1369 est
643 1304 699 1381 id,
722 1304 811 1388 quod
843 1328 872 1370 1.
909 1306 970 1369 948
1000 1305 1119 1390 legitur
1147 1307 1231 1390 ‘quis
1253 1315 1433 1371 temerator

338 1408 400 1472 erit
420 1405 570 1471 caelestia
590 1404 662 1468 iura
682 1404 831 1480 moverc’,
853 1425 911 1468 nec
938 1404 1016 1468 levis
1046 1405 1190 1488 profecto
1220 1415 1269 1470 est
1289 1405 1432 1490 suspitio

338 1505 490 1572 hocloco
511 1506 603 1570 ulcus
624 1506 732 1582 latere,
754 1505 844 1588 quod
864 1525 1028 1570 removere
1049 1515 1182 1570 conatus
1204 1515 1252 1569 est
1265 1503 1304 1568 L.
1316 1503 1432 1572 Muel-

338 1606 426 1672 lerus
448 1605 634 1671 conicienda
656 1606 739 1689 ‘quis
760 1607 880 1669 temere
902 1615 1015 1670 auctor
1035 1605 1098 1669 erit
1117 1627 1143 1669 6.
1165 1605 1186 1668 1.
1208 1605 1260 1668 m.'

420 1705 510 1771 Nihil
530 1717 637 1770 autem
659 1706 800 1790 apertius
819 1704 941 1769 indicat
972 1727 1101 1769 carmen
1132 1703 1172 1768 de
1203 1717 1270 1787 'quo
1300 1703 1434 1788 agimus

340 1806 499 1871 inferioris
520 1805 632 1870 aetatis
654 1805 755 1869 fetum
773 1827 843 1870 csse
875 1827 973 1888 quam
1001 1803 1263 1871 coniunctionum
1297 1826 1374 1867 nom
1397 1818 1435 1870 et

338 1908 386 1970 661
417 1930 497 1971 116116
526 1929 545 1970 6
579 1905 720 1991 genuina
753 1905 843 1969 latini
875 1905 1031 1970 sermonis
1065 1903 1295 1970 consuetudine
1329 1907 1431 1990 plane

339 2007 495 2072 diversus.
536 2007 590 2072 Ac
619 2006 810 2091 particulam
843 2027 919 2068 acm
950 2027 969 2068 a
1000 2005 1210 2090 scriptoribus
1240 2005 1434 2090 inquinatae

339 2106 506 2172 latinitatis
527 2108 655 2192 saepius
675 2129 745 2170 esse
776 2104 1018 2191 interpositam,
1051 2106 1109 2172 ubi
1137 2107 1206 2172 61116
1232 2116 1301 2170 erat
1322 2107 1434 2170 conti-

337 2207 467 2272 nuanda
487 2207 598 2284 oratic,
619 2207 684 2271 iam
705 2205 931 2272 animadvertit
951 2205 1101 2270 Handius
1123 2201 1218 2269 Turs.
1247 2204 1310 2282 IV,
1330 2229 1363 2291 p.
1385 2209 1435 2272 22

338 2307 433 2391 (adde
454 2306 612 2370 Haasium
633 2306 676 2369 ad
697 2305 835 2388 Gregor.
858 2306 883 2386 §.
907 2308 955 2369 17.
976 2328 1008 2390 p.
1031 2306 1094 2386 32).
1137 2303 1205 2386 Qui
1237 2329 1318 2370 usus
1345 2329 1430 2390 par·

339 2406 456 2470 ticulae
477 2426 554 2468 acm
575 2405 702 2489 saepius
722 2405 883 2489 reperitur
904 2404 1009 2469 hocin
1021 2405 1179 2482 carmine,
1201 2405 1257 2469 cfr.
1279 2429 1330 2470 vv.
1345 2408 1433 2485 380,

337 2506 409 2587 435,
431 2486 593 2582 116616,
615 2507 686 2570 aaa
728 2505 782 2570 ue
801 2505 961 2591 persona
981 2504 1036 2582 aa,
1067 2527 1149 2588 qua
1180 2505 1293 2571 anem
1324 2507 1432 2594 agni-

337 2605 485 2671 ficatione
506 2616 603 2690 atque
624 2615 654 2668 et
674 2605 845 2671 adhibetur
866 2629 885 2669 6
906 2604 1023 2672 talibus
1043 2605 1263 2692 scriptoribus,
1278 2621 1433 2674 accurate
1477 2658 1480 2676 .

339 2707 490 2790 exposuit
510 2705 651 2771 Haasius
683 2705 725 2770 ad
754 2705 893 2790 Gregor.
915 2707 939 2788 §.
963 2708 1012 2782 64,
1044 2729 1077 2791 p.
1105 2707 1156 2784 49,
1185 2706 1319 2772 Miscell.
1347 2708 1429 2792 phil.

338 2805 385 2882 Π,
415 2829 448 2891 p.
479 2808 530 2872 27.
573 2804 676 2871 Cuius
704 2829 783 2870 usus
815 2806 893 2871 satis
924 2807 1066 2891 perversi
1100 2806 1195 2892 plura
1230 2828 1361 2890 quoque
1393 2808 1430 2874 in

339 2902 465 2970 Orestis
487 2905 653 2989 tragoedia
673 2915 784 2969 extant
803 2906 970 2992 exempla,
1002 2907 1058 2972 cfr.
1090 2931 1141 2973 vv.
1165 2907 1225 2984 39,
1254 2909 1325 2984 270,
1353 2909 1430 2986 361,

343 3006 415 3081 504,
437 3005 509 3082 529,
531 3007 602 3082 564,
624 3007 694 3070 648.

420 3103 492 3170 Iam
512 3128 588 3169 vero
609 3103 659 3169 his
692 3106 846 3191 expositis
867 3107 907 3171 de
927 3129 1043 3173 vocum
1072 3107 1263 3173 formatione
1285 3117 1317 3172 et
1338 3129 1427 3172 com-

337 3207 495 3292 positione
522 3227 627 3288 66166
658 3207 816 3290 quaedam
845 3208 1029 3274 adiciamus.
1071 3208 1148 3291 Qua
1173 3209 1207 3272 in
1227 3231 1264 3273 re
1284 3209 1423 3294 primum

339 3306 655 3372 commemorandum
691 3318 739 3372 est
765 3308 953 3394 scriptorem
974 3309 1113 3373 maxime
1135 3309 1328 3375 delectatum
1356 3329 1420 3374 esse

339 3405 504 3471 adiectivis
524 3408 559 3471 in
579 3410 643 3472 clia
663 3408 866 3486 exeuntibus,
889 3409 977 3493 quod
997 3419 1036 3474 ut
1055 3409 1272 3495 comprobem,
1286 3409 1425 3474 indicem

337 3527 451 3570 eorum
470 3505 532 3570 hoc
551 3507 621 3572 loco
644 3507 784 3572 subicio:
806 3509 978 3574 coruscalis
999 3507 1098 3592 (243),
1119 3509 1298 3575 decennalis
1324 3509 1426 3594 (506),

338 3603 525 3670 diademalis
546 3608 628 3684 (259,
650 3607 738 3692 318),
759 3607 882 3672 furialis
906 3609 1002 3691 (474),
1022 3608 1139 3694 iugalis
1161 3609 1262 3694 (247),
1290 3611 1427 3676 iuvena-

339 3703 379 3770 lis
401 3706 501 3788 (615),
524 3705 636 3789 legalis
657 3709 743 3791 (890,
766 3710 850 3790 945),
871 3709 1024 3774 maritalis
1048 3699 1134 3794 (237,
1155 3713 1226 3788 432,
1249 3711 1334 3794 539),
1355 3733 1427 3775 ma-

338 3805 470 3871 tronalis
485 3806 584 3888 (420),
604 3807 801 3872 medicinalis
833 3807 900 3891 (vv.
929 3811 980 3886 20,
1012 3811 1097 3891 922),
1129 3810 1316 3877 Μ1116116116
1346 3811 1425 3896 (34),

338 3905 480 3970 mortalis
503 3905 589 3989 (496,
611 3905 695 3988 822),
716 3908 885 3992 pastoralis
909 3909 1007 3992 (269),
1029 3913 1172 3995 poenalis
1195 3907 1295 3996 (305),
1308 3913 1427 3998 regalis

339 4005 402 4084 (24,
424 4005 497 4080 140,
518 4006 588 4082 415,
609 4007 681 4082 455,
710 4009 781 4084 647,
814 4011 884 4086 655,
914 4010 999 4093 852),
1027 4011 1146 4096 rogalis
1175 4010 1276 4095 (406),
1309 4013 1426 4077 trium-

339 4101 444 4188 phalis
464 4103 564 4188 (138),
585 4105 690 4171 vitalis
713 4107 813 4191 (171).
855 4109 908 4173 Α6
928 4111 1098 4175 ammata
1124 4111 1227 4196 ipsius
1260 4111 1426 4196 scriptoris

338 4202 505 4268 inventum
527 4217 576 4270 est
602 4205 853 4291 ineptissimum,
882 4209 943 4274 alia
970 4211 1069 4275 velati
1098 4212 1284 4295 1166666666,
1312 4213 1427 4276 diade·
