3300 5042
757 631 800 694 33

234 835 286 909 11,
307 830 382 915 Dig.
404 829 542 905 XXIII,
564 830 595 904 2,
616 827 682 908 38).
723 826 786 891 His
808 825 889 891 adde
910 826 1047 892 verbnm
1074 835 1173 894 tracto
1193 828 1329 897 insolito-

232 932 331 997 modo
365 930 545 995 adhibitum
579 952 611 994 v.
643 928 707 992 333
736 916 789 1010 (de
821 949 902 993 sexu
927 927 1047 992 femina
1076 933 1200 1012 tracto),
1222 931 1319 998 miras

234 1031 388 1098 dictiones
407 1032 533 1115 paedia
548 1031 681 1111 plorare
701 1027 746 1112 (v.
767 1029 834 1111 63),
852 1029 1007 1110 praedati
1016 1031 1167 1111 rapinam
1179 1031 1221 1116 (v.
1237 1033 1324 1118 807),

154 1145 161 1152 ’
232 1134 316 1196 tutes
336 1132 472 1197 6161166
494 1130 615 1214 (1.)
560 1131 633 1206 82)·
625 1151 773 1215 ‚agmen
793 1128 951 1194 claudat'
909 1137 1032 1214 ttmep
1032 1152 1087 1194 um
1102 1129 1320 1194 6166166661-

227 1257 306 1318 pore
336 1233 384 1318 (1.
415 1231 503 1316 555),
541 1230 682 1296 effictum
715 1228 797 1294 illud
839 1254 879 1294 ex
914 1228 1012 1296 Ovid.
1047 1229 1127 1296 Met.
1163 1231 1224 1309 IV,
1259 1230 1320 1327 469

231 1338 380 1423 (siderea
397 1332 1120 1418 11166),
1210 1381 1214 1390 .

317 1485 412 1568 Quae
434 1507 516 1560 cum,
539 1483 566 1547 si
587 1505 625 1547 ca
646 1481 760 1546 collata
781 1479 841 1546 sub
863 1502 927 1545 uno
933 1482 1071 1566 'tadspec
1072 1504 1094 1546 u
1107 1481 1322 1568 posuerimus,

232 1609 345 1652 ansam
366 1585 459 1650 nobis
480 1583 556 1648 dent
577 1580 753 1648 coniciendi
784 1590 951 1646 auctorem
984 1579 1110 1646 Orestis
1140 1581 1322 1648 novissimis

233 1687 367 1750 demum
389 1683 586 1770 temporibus
607 1681 737 1757 vixisse,
758 1680 821 1744 alia
842 1691 1040 1766 argumenta
1063 1680 1181 1764 quibus
1197 1692 1324 1746 senten·

236 1786 315 1850 tiam
342 1785 429 1848 illam
455 1783 644 1848 confirmare
672 1782 756 1859 licet,
778 1781 903 1846 silentio
938 1803 1003 1846 non
1024 1792 1101 1846 sunt
1120 1783 1324 1848 transeunda.

233 1885 363 1950 Etenim
385 1885 424 1948 iis
452 1883 541 1961 locis,
573 1883 631 1949 ubi
652 1881 857 1948 vehementes
885 1880 1075 1968 animorum,
1094 1883 1324 1950 commotiones

230 1986 347 2052 vividis
385 1984 559 2070 depingere
601 1981 705 2048 voluit
736 1981 897 2048 coloribus
930 1980 1080 2066 scriptor,
1114 1981 1216 2046 multa
1248 1983 1324 2050 sub·

230 2087 371 2152 stantira
402 2085 566 2164 cumulata
596 2084 757 2169 congessit
786 2083 884 2148 nuliis
918 2077 1084 2168 particulis
1132 2081 1322 2168 copulativis

229 2184 438 2272 interpositis
480 2183 607 2248 Eorum
638 2183 741 2267 igitur
775 2182 1020 2268 asyndetorum‚
1057 2179 1175 2265 quibus
1211 2181 1323 2248 aetatis

230 2285 318 2351 illius
346 2282 578 2349 versificatores
609 2282 728 2348 mirum
760 2293 917 2368 quantum
949 2280 1096 2349 delectati
1128 2291 1220 2360 sunt,
1250 2305 1324 2368 per-

231 2385 336 2450 multa
375 2407 412 2449 ac
451 2383 527 2448 satis
561 2381 671 2470 inepta
705 2406 745 2448 ex
778 2381 841 2448 hoc
862 2382 1002 2447 carmine
1030 2381 1168 2470 proferri
1188 2392 1325 2469 possunt

230 2485 388 2572 exempla.
421 2484 477 2552 Sic
498 2483 753 2570 Clytaemnestra
785 2483 916 2548 iamiam
951 2475 1145 2549 moribunda
1165 2473 1324 2578 exclamet

230 2613 261 2654 v.
283 2589 345 2651 774
366 2606 455 2673 sqq:
515 2595 519 2599 ’

313 2738 363 2804 sol
381 2738 484 2824 pietas
505 2738 663 2802 elementa
681 2735 749 2822 poli
769 2757 859 2801 mare
878 2733 1015 2799 flumine
1033 2731 1127 2798 tellus

315 2846 348 2902 et
367 2859 476 2903 rerum
495 2848 613 2904 natura
632 2859 750 2924 parens
771 2847 874 2921 tuque
892 2846 965 2901 atra
984 2855 1117 2919 vorago,

315 2936 396 3001 haec
411 2948 557 3022 'spectate
570 2937 663 3004 'vices
683 2947 761 3004 nato
782 2938 972 3006 redhibente
991 2937 1128 3026 parenti,

313 3033 404 3121 quod
424 3036 554 3121 genitus
572 3039 679 3116 fuerit,
699 3039 881 3106 mercedem
902 3037 1144 3112 cernite-lactis.
1221 3047 1228 3090 ὲ

315 3187 468 3252 Alterum
497 3187 680 3274 exemplum
700 3190 834 3275 praebet
854 3188 957 3255 oratio
979 3187 1105 3255 Orestis
1134 3185 1321 3282 dubitantis,

230 3296 342 3353 utrum
362 3287 396 3351 in
417 3284 559 3353 vindicta
585 3286 743 3376 exigenda
772 3289 869 3354 etiam
901 3299 1035 3356 matrem
1067 3311 1108 3356 an
1140 3286 1322 3354 adulterum

231 3387 336 3452 solum
357 3387 477 3454 afficiat
497 3387 665 3478 supplicio,
686 3389 744 3456 ubi
765 3414 796 3458 1.
818 3391 879 3456 557
901 3412 972 3474 sqq.
993 3387 1073 3455 haec
1092 3381 1263 3474 leguntur:

312 3546 444 3620 pectora
464 3558 654 3606 6611611661
673 3539 820 3606 animum
840 3538 1031 3626 praecordia
1047 3548 1188 3606 mentem
1255 3600 1256 3606 ,
1299 3551 1303 3559 “

316 3636 488 3700 conturbat
506 3639 609 3722 pietas
631 3641 723 3707 dolor
741 3663 849 3728 angor
869 3661 996 3704 maeror
1018 3639 1109 3726 origo
1178 3673 1181 3682 ¹

315 3735 450 3800 6666616
470 3748 586 3806 natura
604 3742 712 3828 po'dor
731 3742 912 3812 reverentia
931 3739 1027 3804 fame.

312 3885 440 3952 Eadem
459 3885 583 3955 ratione
599 3886 715 3957 breves
730 3863 904 3958 sententias
919 3913 1106 3959 coacervare
1121 3883 1319 3976 6616166116-

231 3995 283 4054 tor
303 3985 434 4053 16166
423 4010 459 4052 m
478 3985 569 4052 initio
591 3990 739 4090 carminis
759 4015 790 4058 1.
814 3986 853 4054 17
876 4012 964 4078 sqq·

315 4159 412 4222 quem
433 4137 527 4203 dolor
547 4139 702 4217 accendit,
721 4139 829 4226 pudor
850 4141 975 4220 excitat,
997 4069 1092 4227 erigit
1111 4139 1170 4216 116,

312 4258 403 4304 mens
424 4237 519 4317 levat,
540 4237 954 4320 6166116116661111666661
973 4241 1252 4404 6666136366.
