3300 5042
849 573 890 638 38

326 775 452 842 Earum
482 775 591 860 igitur,
626 784 663 838 ut
689 790 757 838 rem
790 773 970 836 accuratius
1003 771 1168 858 explicem,
1203 773 1236 838 in
1268 775 1418 842 versibus

324 873 604 942 DCCCCLXXI
624 873 886 959 semiquinariam
906 871 1053 938 adhibuit
1084 876 1251 942 trecenties
1284 887 1417 960 quater·

325 975 440 1054 decies,
471 975 615 1040 adiutam
646 973 732 1038 illam
755 973 976 1038 trithemimeri
997 975 1075 1039 locis
1089 976 1263 1061 nonaginta
1277 977 1418 1058 duobus,

324 1075 616 1163 semiseptenariam
652 1097 726 1138 cum
764 1073 1008 1160 penthemimeri
1050 1075 1251 1142 coniunctam
1286 1075 1420 1142 admisit

324 1176 585 1262 quadringenties
608 1174 799 1258 quadragies
821 1173 935 1251 sexies,
968 1173 1076 1239 addita
1103 1176 1235 1262 insuper
1256 1175 1417 1241 trithemi-

323 1279 403 1342 meri
423 1278 502 1343 locis
525 1286 653 1341 centum
687 1275 811 1360 viginti,
844 1274 1138 1360 semiseptenariam
1169 1275 1308 1361 denique
1340 1299 1419 1343 curn

324 1376 546 1443 trithemimeri
567 1375 731 1441 ducenties
753 1375 913 1452 undecies,
946 1397 1052 1460 neque
1072 1399 1216 1460 unquam
1243 1399 1325 1460 quae
1348 1378 1419 1441 sin·

323 1479 445 1566 gularis
478 1476 617 1541 habetur
651 1475 808 1560 elegantia
840 1475 981 1560 neglexit
1019 1497 1094 1539 cum
1135 1476 1229 1541 tertio
1265 1478 1419 1544 trochaeo

322 1578 462 1645 verbum
493 1577 593 1640 finire.
636 1575 761 1641 Verum
793 1586 960 1640 evanescet
991 1597 1067 1640 mox
1088 1575 1158 1639 laus
1178 1576 1242 1654 illa,
1272 1577 1297 1641 si
1319 1600 1419 1642 accu-

322 1679 424 1744 ratius
445 1701 514 1742 rem
535 1676 795 1742 consideraveris.
831 1676 962 1746 Etenim
983 1685 1097 1762 poetae
1119 1676 1275 1754 meliores,
1299 1699 1418 1760 quam·
1503 1677 1504 1684 '

323 1802 422 1866 quam
449 1778 511 1842 illis
532 1776 736 1864 potissimum
752 1799 834 1860 quae
848 1777 945 1841 modo
957 1777 1192 1842 nominavimus
1207 1799 1421 1844 caesurarum

322 1881 374 1945 usi
396 1888 471 1944 sunt
492 1877 673 1965 generibus,
697 1887 803 1940 tamen
825 1899 864 1940 ea
885 1898 949 1941 non
970 1875 1003 1942 in
1025 1877 1174 1942 omnibus
1196 1877 1422 1943 adhibuerunt

321 1979 478 2056 versibus,
511 1979 628 2043 sedne
649 1988 742 2064 grata
769 1976 824 2040 illa
855 1975 987 2042 auribus
1010 1975 1246 2041 desideraretur
1266 1977 1420 2056 varietaS,

322 2080 384 2146 alia
405 2081 501 2144 etiam
523 2079 771 2143 admiscuerunt
795 2076 918 2142 Contra
937 2087 1051 2163 poetae
1073 2077 1292 2154 recentissimi,
1315 2079 1420 2144 veluti

321 2179 524 2266 Symposius,
545 2179 772 2255 Merobaudes,
793 2177 950 2244 Boethius
978 2177 1105 2260 aliique,
1139 2199 1221 2260 quos
1254 2179 1421 2244 recensuit

322 2279 365 2344 L.
386 2281 434 2346 M.
456 2302 487 2365 p.
512 2281 581 2356 198,
603 2281 636 2342 in
658 2278 773 2342 scholis
796 2278 916 2342 scilicet
943 2300 1011 2341 rem
1040 2278 1204 2342 metricam
1234 2276 1340 2343 edocti
1361 2301 1420 2343 eas

322 2391 457 2456 tantum,
481 2402 562 2463 quas
583 2379 742 2462 legitimas
754 2399 823 2442 esse
839 2376 1032 2453 didicissent,
1054 2400 1202 2442 caesuras
1218 2378 1422 2444 admiserunt

321 2480 400 2544 nihil
421 2490 568 2544 curantes
590 2478 731 2542 carmina
753 2500 812 2541 sua
832 2477 959 2561 ingrato
983 2477 1123 2561 quodam
1139 2488 1247 2544 tenore
1258 2479 1418 2546 laborare.

322 2579 464 2645 Tantum
485 2580 570 2644 enim
592 2579 692 2655 abest,
723 2578 814 2642 utin
836 2577 993 2644 eiusmodi
1022 2578 1216 2644 carminibus
1238 2579 1416 2646 recitandis

324 2703 418 2746 aures
440 2680 577 2746 iocundo
600 2679 742 2764 quodam
769 2678 1030 2764 permulceantur
1058 2700 1147 2756 sono,
1176 2689 1213 2741 ut
1234 2680 1418 2745 molestiam

323 2781 419 2844 etiam
441 2781 575 2843 afferant
602 2803 714 2844 versus
747 2778 896 2862 aequales
923 2777 1055 2842 auribus
1085 2777 1272 2843 accidentes.
1315 2779 1429 2845 Adde-

322 2878 411 2962 quod
432 2890 545 2963 poetae
566 2879 611 2942 illi
632 2878 720 2942 haud
748 2901 820 2943 raro
851 2877 985 2944 eandem
1018 2899 1183 2942 caesuram
1211 2878 1244 2943 iu
1266 2881 1415 2966 complu·

323 2975 414 3044 ribus
436 2977 586 3063 deinceps
607 2990 847 3065 usurpaverunt
873 2979 1030 3056 versibus,
1060 2977 1116 3063 qui
1137 3002 1201 3044 uno
1223 2989 1334 3045 tenore
1356 2981 1414 3046 de-

320 3090 485 3145 currentes
508 3079 612 3143 taedio
633 3078 721 3167 haud
742 3078 860 3164 exiguo
881 3102 940 3144 nos
962 3079 1102 3145 afficiant
1122 3101 1252 3144 necesse
1274 3091 1331 3144 est.
1373 3079 1415 3144 Id

323 3181 413 3265 quod
434 3180 557 3246 auctori
590 3201 720 3264 quoque
742 3179 868 3245 Orestis
900 3180 977 3246 vitio
1019 3179 1210 3246 vertendum
1253 3192 1310 3257 est,
1357 3182 1412 3264 qui

321 3281 454 3346 eandem
477 3303 642 3346 caesuram
667 3303 727 3365 per
748 3281 874 3364 quinos,
900 3302 993 3345 senos
1026 3292 1123 3364 atque
1151 3281 1232 3350 adeo
1264 3293 1409 3368 septenos

321 3380 373 3446 vel
395 3393 526 3445 octonos
549 3380 783 3447 continuaverit
804 3403 927 3456 versus,
948 3379 1048 3446 veluti
1070 3379 1332 3462 semiquinariam
1356 3404 1415 3468 per

320 3503 434 3546 versus
457 3483 589 3557 27-32,
612 3482 786 3556 ata-246,
816 3481 991 3557 263-269,
1021 3483 1195 3557 643-648,
1226 3483 1412 3568 semisepte-

319 3581 443 3645 nariam
466 3581 667 3647 coniunctam
696 3605 770 3646 cum
792 3579 1034 3666 penthemimeri
1066 3604 1257 3667 perversus
1279 3585 1413 3650 53-5a

321 3683 455 3757 87-91,
484 3682 658 3758 aaa-288,
691 3683 866 3757 509-517,
898 3683 1073 3758 583—589,
1106 3681 1281 3758 669-674,
1315 3683 1411 3748 semi-

319 3779 533 3865 septenariam
547 3779 685 3864 denique
700 3805 774 3847 cum
787 3781 1007 3847 trithemimeri
1022 3805 1080 3868 per
1095 3807 1208 3849 versus
1232 3785 1407 3862 lta-183,

319 3882 494 3947 501-505.
628 3880 630 3883 ’

400 3981 477 4047 Jam
498 4007 574 4048 vero
596 3983 656 4060 his,
679 4006 760 4067 quae
782 3984 879 4049 modo
902 3983 1086 4068 singillatim
1107 3984 1326 4070 exposuimus,
1350 3981 1410 4047 sub

318 4104 385 4147 uno
407 4094 580 4170 conspectu
601 4083 714 4169 positis
737 4083 971 4170 diligenterque
992 4084 1158 4172 pensitatis
1169 4105 1234 4148 non
1250 4083 1410 4148 dubitabis

319 4205 445 4252 mecum
467 4185 627 4251 affirmare
659 4184 720 4251 hoc
748 4208 877 4251 carmen
906 4185 1033 4252 saeculo
1061 4185 1191 4250 demum
1225 4183 1338 4270 quinto
1360 4185 1411 4250 vel
