3300 5042
752 587 790 650 15

225 791 291 853 iam
312 785 374 852 sibi
394 786 519 851 veniam
540 784 650 848 datam
679 804 749 848 esse
780 781 967 848 existimans
996 781 1076 846 nihil
1098 781 1159 848 sibi
1202 781 1337 848 timebat

227 890 286 956 sed
305 887 444 957 occisum
467 884 607 952 deflebat
626 882 806 946 moechum.
850 882 975 948 Verum
997 880 1103 947 subito
1127 880 1221 947 adest
1242 881 1328 950 Ore·

228 1002 302 1066 stes,
333 987 390 1072 qui
419 1008 484 1050 non
515 1005 633 1048 curans
661 993 854 1067 precantem,
887 993 932 1046 ut,
945 992 1002 1046 aut
1023 993 1134 1066 parcat
1159 983 1255 1050 matri
1276 995 1333 1050 aut

229 1092 340 1156 saltem
360 1085 496 1173 Pyladis
516 1084 632 1147 dextra
661 1082 765 1166 ipsam
791 1105 888 1166 super
917 1104 988 1146 ossa
1014 1081 1166 1167 Aegisthi
1195 1082 1331 1148 interfici

229 1192 347 1266 iubeat,
370 1188 458 1253 crine
479 1184 578 1248 trahit
591 1183 633 1247 ad
648 1184 749 1269 patris
763 1183 948 1268 sepulcrum
968 1183 1182 1267 manibusque
1197 1185 1327 1260 vocatis,

228 1301 267 1355 ut
287 1287 445 1374 accipiant
466 1284 605 1360 inferias,
638 1283 754 1348 oceidit
780 1294 917 1348 matrem
946 1282 1068 1350 frustra
1089 1283 1188 1350 solem
1211 1291 1243 1348 et
1265 1284 1329 1348 ele-

228 1401 339 1454 menta
358 1387 581 1452 obtestantem.
624 1383 700 1466 Quo
731 1385 816 1448 facto
848 1383 1044 1450 obscuratur
1076 1384 1123 1448 sol
1151 1393 1184 1448 et
1212 1384 1331 1450 candor

229 1490 295 1553 diei
315 1490 350 1552 in
371 1486 517 1551 tenebras
529 1495 692 1551 mutatur.
735 1484 899 1550 Reversus
919 1484 954 1548 in
975 1485 1098 1569 regiam
1113 1482 1251 1551 Orestes
1272 1508 1331 1550 rex

232 1589 392 1653 salutatur
411 1609 432 1649 a
451 1585 566 1671 populo
588 1584 785 1670 Aegisthum
808 1583 939 1667 quidem
961 1583 1143 1660 damnante,
1166 1584 1223 1650 sed
1244 1583 1327 1650 clam

231 1689 381 1773 culpante
408 1685 518 1760 matris
546 1685 686 1750 caedem.
735 1683 1011 1750 Proximavnocte
1040 1683 1173 1750 nuntius
1196 1685 1330 1750 affertur

231 1786 342 1852 Oresti
361 1785 572 1863 Hermionen,
598 1807 748 1870 sponsam
769 1807 872 1862 suam,
895 1807 915 1848 a
933 1783 1072 1870 Pyrrhe,
1095 1783 1233 1850 Achillis
1254 1784 1330 1862 filio,

228 1898 353 1973 raptam
375 1909 453 1954 esse.
476 1885 552 1968 Quo
566 1886 681 1950 nuntio
702 1897 832 1971 accepto
853 1884 907 1949 ille
921 1906 1059 1970 regnum
1073 1883 1192 1970 Pyladi
1207 1885 1329 1971 guber-

228 1988 373 2053 nandum
393 1987 503 2063 tradit,
524 1986 594 2072 ipse
614 1985 804 2052 festinanter
823 1985 986 2071 profectus
1007 1995 1142 2070 occupat
1162 1984 1329 2070 Pyrrhum

228 2089 388 2173 templum
407 2085 643 2169 ingredientem
664 2097 697 2150 et
717 2086 898 2151 obtruncat.
939 2084 1011 2150 Iam
1033 2106 1108 2150 vero
1130 2085 1209 2153 dum
1231 2109 1333 2171 regno

228 2187 360 2262 fruitur,
382 2184 489 2248 subito
512 2183 654 2268 agitatur
668 2185 813 2248 amatris
833 2184 958 2261 umbra,
982 2206 1065 2267 quae
1086 2183 1184 2250 armis
1199 2184 1332 2252 ,furiali-

229 2284 294 2350 bus
312 2284 472 2348 instructa
491 2305 566 2348 eum
594 2282 716 2367 ubique
741 2284 928 2362 insectatur,
961 2284 1062 2350 donec
1090 2284 1203 2352 eodem
1223 2285 1330 2370 gladio

230 2406 297 2468 quo
317 2393 454 2450 matrem
477 2383 637 2448 occiderat
656 2405 728 2448 sam
752 2381 884 2450 adortus
907 2393 964 2452 est.
1009 2383 1084 2467 Quo
1105 2384 1174 2451 viso
1197 2385 1333 2472 fugatur

230 2485 363 2569 quidem
383 2484 512 2562 umbra,
534 2484 593 2550 sed
610 2485 679 2570 ipse
699 2485 809 2550 furore
829 2483 1000 2570 corripitur
1014 2485 1171 2566 maximo;
1194 2498 1332 2554 terretur

227 2585 314 2650 enim
333 2585 473 2650 hominis
492 2584 665 2651 cuiuslibet
684 2595 811 2670 praeter
823 2585 982 2671 Pyladem
1001 2587 1081 2650 faeie
1107 2597 1243 2653 matrem
1270 2587 1331 2655 sibi

228 2684 337 2750 offerri
346 2684 534 2750 existimans
545 2695 580 2749 et
588 2685 674 2750 inter
694 2686 805 2770 epulas
815 2686 940 2770 regales
951 2686 1060 2752 cibum
1077 2707 1243 2770 capessere
1254 2709 1329 2771 pro·

228 2783 359 2849 hibetur
368 2785 493 2850 facibus
504 2785 591 2852 visis.
615 2783 727 2867 Atque
742 2775 783 2848 iad
798 2806 870 2851 eam
887 2784 1101 2854 calamitatem
1116 2807 1218 2852 novus
1233 2787 1329 2856 etiarn

232 2882 357 2946 aceedit
375 2895 480 2950 metus
501 2883 654 2960 Molossi,
686 2881 805 2969 Pyrrhi
836 2893 869 2948 et
899 2883 1147 2952 Andromachae
1175 2886 1242 2964 filii,
1271 2888 1329 2953 ad·

232 2991 341 3058 ventu,
363 2981 420 3066 qui
440 2983 540 3066 patris
565 2983 662 3053 occisi
676 2984 759 3070 petit
769 2984 934 3052 ultionem.
957 2986 1097 3072 Pylades
1111 2985 1212 3072 igitur
1227 2985 1328 3054 Ores·-

229 3093 296 3146 tem
317 3081 392 3146 navi
413 3081 599 3166 impositum
628 3083 670 3147 ad
698 3093 847 3150 externas
877 3107 949 3150 oras
977 3087 1086 3164 mittit,
1114 3087 1267 3170 quicum
1288 3089 1330 3154 ad

229 3183 338 3246 littora
369 3180 510 3246 Taurica
536 3182 661 3246 delatus
692 3192 793 3259 esset,
825 3183 1075 3268 deprehenditur
1105 3197 1139 3251 et
1169 3209 1210 3252 ex
1240 3207 1328 3264 more

228 3281 334 3367 gentis
357 3280 445 3348 illius
466 3279 682 3347 immolandus
704 3280 836 3348 ducitur
856 3282 897 3347 ad
913 3305 1002 3352 aram
1024 3285 1158 3350 Dianae.
1184 3285 1253 3352 Ubi
1266 3286 1329 3368 ille,

230 3406 306 3448 cum
327 3383 444 3448 mentis
466 3406 544 3448 suae
565 3403 694 3467 compos
715 3382 821 3448 factus
841 3382 1098 3469 Agamemnonis
1119 3405 1236 3450 nomen
1258 3411 1329 3453 sae·

229 3483 302 3568 pius
340 3484 569 3562 invocavisset,
605 3483 789 3569 agnoscitur
828 3484 868 3550 ab
902 3485 1074 3571 Iphigenia
1101 3487 1264 3554 sacerdote
1297 3501 1330 3556 et

230 3582 344 3646 mortis
364 3585 503 3666 periculo
523 3584 689 3652 liberatur.
712 3585 841 3651 Deinde
862 3607 940 3653 oum
955 3586 1046 3650 furor
1059 3585 1216 3665 rediisset,
1236 3599 1329 3654 nocte

231 3681 366 3745 fratrem
393 3696 511 3766 purgat
541 3707 632 3750 soror
662 3698 795 3771 precatu
822 3697 857 3754 et
884 3687 1010 3750 Dianae
1032 3685 1201 3756 simulacro
1223 3687 1329 3753 ablato

234 3801 311 3846 cum
332 3801 370 3845 eo
390 3779 425 3844 in
446 3782 581 3865 patriam
602 3785 824 3869 proficiscitur.
868 3785 976 3868 Quem
1005 3808 1081 3854 eum
1108 3788 1219 3852 adesse
1240 3807 1328 3855 coms

230 3880 368 3966 perisset
385 3881 559 3958 Molossus,
579 3897 710 3952 accusat
728 3884 868 3952 Athenis
898 3883 932 3950 in
960 3888 1077 3973 templo
1099 3889 1267 3954 Minervae
1288 3887 1328 3954 de

230 3981 352 4067 duplici
372 3981 469 4048 caede
495 3990 529 4046 et
554 3981 675 4067 Pyrrhi
703 3995 736 4050 et
763 3984 1055 4069 Clytaemnestrae3
1084 4009 1159 4052 reus
1180 4007 1328 4058 caussam

230 4105 324 4148 suam
346 4093 415 4148 orat
435 4094 468 4148 et
481 4081 648 4170 Pyrrhum
668 4095 707 4150 ut
726 4096 887 4170 raptorem
909 4086 979 4154 iure
1002 4088 1142 4154 occisum
1166 4109 1235 4152 esse
1250 4109 1327 4156 eon·

233 4181 343 4260 tendit,
364 4206 384 4246 a
403 4194 505 4248 matre
520 4205 597 4252 vero
612 4207 647 4250 se
661 4185 721 4252 diis
736 4186 921 4256 iubentibus
937 4198 969 4254 et
983 4185 1193 4276 probantibus
1208 4211 1328 4275 poenae
