3300 5042
879 611 918 674 32

354 815 445 882 licuit
457 811 672 898 flacticcpuo?
690 808 796 874 Immo
814 809 921 893 magis
941 809 1046 894 placet
1061 811 1227 893 fluctisupi
1248 813 1329 873 uasti
1345 829 1457 893 quam

355 917 508 996 cadicapi
519 916 638 998 stactae
653 913 696 992 (v.
714 912 801 992 362),
817 910 907 994 quod
923 922 955 974 et
973 911 1080 999 ipsum
1099 919 1245 995 tempora
1264 912 1456 975 recentiora

356 1017 479 1081 redolet
499 1026 531 1080 et
544 1022 671 1099 praeter
691 1011 778 1074 hunc
798 1011 906 1076 locum
928 1021 1053 1086 tantum
1073 1011 1107 1074 in
1119 1009 1253 1096 Corippi
1265 1009 1455 1076 Iohannide

356 1118 429 1199 (VI,
451 1119 512 1181 342
532 1113 642 1179 latices
663 1109 827 1196 undivagi,
849 1111 926 1187 VII,
955 1113 1018 1174 344
1046 1111 1148 1174 selum
1177 1109 1394 1195 undivagum)
1419 1122 1456 1174 et

357 1219 390 1282 in
422 1218 653 1302 epigrammate
684 1211 822 1275 Palladii
855 1211 966 1293 (Anth.
999 1213 1052 1275 lat
1085 1209 1127 1286 V,
1157 1213 1174 1274 7
1203 1210 1314 1277 Thetis
1347 1210 1455 1273 undi-
1500 1247 1501 1258 κ

357 1320 453 1403 vaga)
475 1313 645 1400 reperitur.
688 1311 841 1394 Denique
872 1312 933 1376 hoc
964 1311 1035 1376 loeo
1067 1310 1348 1376 eommcmoranda
1367 1319 1454 1374 sunt

356 1419 455 1482 verba
476 1439 550 1480 cum
572 1411 687 1478 vocula
706 1433 741 1474 re
761 1411 948 1496 composita,
970 1430 1110 1495 quorum
1140 1411 1212 1476 loco
1244 1411 1344 1476 verba
1372 1411 1455 1474 sim-

325 1543 331 1552 ·
358 1517 454 1603 plicia
474 1512 625 1578 malueris
647 1522 811 1596 usurpata,
834 1511 933 1575 veluti
954 1513 1084 1592 saperda
1105 1513 1148 1593 (v.
1171 1512 1246 1594 196)
1269 1525 1301 1575 et
1320 1531 1455 1593 rampo

356 1628 401 1699 lv.
423 1615 525 1697 3961
541 1613 647 1695 ‘Quae
668 1635 743 1676 cum
764 1611 813 1676 his
836 1622 961 1676 tantum
974 1611 1053 1676 locis
1067 1611 1226 1696 legantur,
1241 1609 1453 1674 animadver-

356 1716 490 1781 tendum
511 1724 561 1778 est
579 1713 668 1777 haud
688 1734 792 1796 pauca
812 1712 881 1776 cius
903 1711 1029 1795 generis
1051 1709 1139 1794 ἅπαξ
1163 1713 1320 1794 εἰρημένα
1335 1721 1453 1776 extare

356 1818 391 1880 in
413 1816 606 1900 scriptorum
628 1812 841 1876 recentiorum
873 1811 983 1888 libris,
1004 1811 1104 1876 veluti
1135 1811 1299 1894 reciarium
1326 1829 1452 1894 recepe,

355 1919 552 1997 recompiapc
573 1913 644 1976 alia.

442 2015 599 2099 Sequitur
619 2022 658 2076 ut
678 2011 718 2076 de
740 2011 894 2096 singulari
914 2030 1031 2076 vocum
1053 2011 1255 2094 quarundam
1276 2013 1340 2076 usu
1363 2031 1451 2093 quae

356 2117 397 2181 ad
435 2138 504 2180 rem
534 2115 657 2179 faciunt
691 2112 832 2178 breviter
870 2121 1086 2196 exponamus
1121 2111 1308 2176 Notandum
1343 2110 1451 2195 igitur

354 2217 497 2302 primum
524 2214 718 2280 vocabulum
749 2215 918 2296 aspicitur
944 2213 979 2277 in
1010 2233 1105 2278 versu
1128 2213 1177 2288 11,
1205 2235 1269 2297 quo
1302 2209 1450 2278 Thracia

354 2318 522 2397 mrpiaitua
542 2315 628 2377 idem
648 2314 734 2384 valet
754 2334 792 2376 ac
816 2313 957 2376 ibrocic
976 2315 1073 2395 rriryo.
1115 2312 1156 2376 Id
1175 2313 1352 2396 quodcum
1369 2333 1449 2376 sane

355 2437 454 2498 quam
485 2414 636 2500 putidum
668 2413 710 2476 sit
741 2422 850 2496 atque
868 2413 1024 2498 ineptum,
1057 2423 1164 2477 tamen
1194 2413 1228 2476 in
1260 2412 1315 2476 tuli
1335 2411 1449 2478 libello

354 2514 496 2600 quodem
525 2513 621 2579 modo
650 2511 796 2578 excusari
815 2522 923 2598 potest
963 2513 1058 2578 simili
1103 2535 1174 2578 usu·
1211 2512 1448 2580 vocabulorum

354 2619 512 2680 statuuat
538 2617 690 2678 maiestas
725 2612 813 2698 apud
845 2614 1016 2700 scriptores
1056 2612 1241 2698 inquinatae
1276 2611 1449 2678 latinitatis

356 2717 424 2800 (cfr.
464 2715 620 2780 Prudent.
649 2713 771 2800 Apoth.
809 2716 890 2792 144,
925 2714 1068 2800 August.
1105 2714 1145 2778 de
1181 2714 1241 2778 civ.
1277 2713 1328 2778 dei
1365 2711 1447 2790 VH,

357 2819 387 2893 1,
419 2815 601 2901 Symmach.
637 2815 742 2900 Epist.
774 2815 821 2892 X,
852 2818 915 2899 16).
958 2815 1087 2880 Deinde
1122 2814 1292 2894 dicendum
1323 2823 1374 2877 est
1405 2814 1448 2878 de

354 2914 512 2980 vocabulo
547 2913 699 2989 cuspus,
736 2905 825 2996 quod
860 2937 898 2978 eo
936 2935 1044 2991 sensu,
1074 2937 1140 2998 quo
1169 2911 1339 2999 usurpavit
1362 2913 1448 2977 illud

355 3015 481 3082 Orestis
503 3013 685 3099 tragoediae
711 3025 824 3078 auctor
837 3038 866 3078 v.
883 3017 942 3078 677
959 3024 991 3079 et
1012 3017 1083 3092 756,
1097 3014 1158 3080 ubi
1169 3015 1291 3078 sceleris
1305 3016 1448 3095 complue

353 3116 441 3180 idem
463 3124 556 3179 sonat
576 3137 613 3178 ac
633 3115 757 3177 ecelesia
774 3116 943 3196 particeps,
965 3115 1106 3200 primum
1123 3113 1210 3200 apud
1230 3114 1445 3183 Ambrosium

355 3217 394 3280 de
415 3216 468 3280 off.
490 3215 554 3292 ΙΠ,
576 3217 597 3277 4
617 3215 785 3299 reperitur.
828 3215 1000 3282 Accedunt
1020 3217 1159 3282 verbum
1177 3237 1380 3296 praesumere
1402 3237 1441 3278 eo

355 3337 451 3379 sensu
459 3315 590 3391 dictum,
601 3315 711 3378 utvim
719 3314 834 3380 habeat
845 3316 935 3380 verbi
944 3316 1139 3402 suscipiendi
1147 3316 1202 3392 ,vel
1212 3313 1436 3399 audendi(quo

357 3435 455 3478 sensu
475 3437 495 3478 a
516 3413 726 3501 scriptoribus
747 3417 979 3508 recentioribus
995 3417 1174 3494 adhibetur,
1190 3417 1290 3482 veluti
1309 3416 1441 3482 aSexto

354 3513 440 3578 Rufo
455 3516 485 3591 7,
500 3515 540 3579 ab
552 3527 681 3581 auctore
692 3516 877 3602 panegyrici
891 3517 924 3581 in
947 3517 1195 3582 Constantinum
1211 3519 1240 3594 2,
1264 3540 1283 3580 a
1297 3514 1444 3602 Sulpicio

355 3613 572 3680 SeveroHis't.
586 3616 673 3681 Sacr.
685 3616 713 3693 Ι,
724 3618 780 3698 47)
791 3626 824 3679 et
846 3616 1038 3681 adiectivum
1053 3619 1192 3698 impunis
1215 3607 1354 3701 (v.'949)‚
1376 3637 1445 3699 quo

353 3737 433 3779 usus
455 3724 504 3778 cst
531 3715 627 3778 etiam
648 3716 832 3802 Appuleius
858 3717 938 3782 Met.
966 3717 1030 3794 HI,
1052 3719 1082 3794 6,
1104 3720 1216 3784 ceteris
1231 3715 1445 3802 scriptoribus

355 3814 543 3880 adverbium
564 3816 690 3895 impune
709 3817 972 3901 praeferentibus.
996 3817 1132 3882 Novicia
1159 3829 1288 3904 praeter
1307 3839 1345 3882 ea
1367 3827 1446 3880 sunt

354 3916 510 3978 odoratus
531 3921 573 3993 (v.
596 3917 673 3990 4643
698 3918 817 3982 rectius
843 3917 961 3982 dixeris
981 3918 1153 4000 admetto),
1163 3921 1339 4001 palmatam,
1354 3916 1448 4000 quod

353 4015 456 4077 v.111
479 4014 611 4100 ponitur
630 4036 691 4099 pro
708 4016 830 4096 palmis
851 4025 993 4094 auctus,
1009 4036 1158 4098 sperwere
1178 4041 1207 4083 v.
1230 4019 1269 4081 77
1284 4017 1330 4081 ita
1343 4039 1444 4080 usur-

356 4122 478 4197 patum,
501 4125 539 4179 ut
560 4115 716 4200 significet
736 4120 858 4197 nuptiis
879 4122 1005 4194 ambire,
1027 4139 1100 4182 curn
1122 4119 1316 4184 vocabulum
1330 4137 1446 4182 recens

354 4231 505 4296 sponsare
525 4215 634 4299 potius
654 4215 740 4281 idem
761 4216 803 4280 sit
823 4239 861 4281 ae
880 4214 1031 4297 spondere
1067 4217 1136 4300 (cfr.
1164 4217 1253 4282 Tert.
1276 4218 1336 4284 vel.
1359 4216 1444 4300 virg.
