3300 5042
863 573 902 636 28

339 791 444 857 neque
455 771 706 855 nominisneque
725 770 833 855 stirpis
845 790 922 838 suae
944 769 1210 856 ampliushabsat
1229 775 1454 854 potestatem.

336 873 452 958 Neque
474 872 698 938 offendendum
719 894 788 936 esse
810 880 889 955 puto
914 870 949 936 in
969 870 1288 955 plusquamperfectis
1310 877 1452 934 munce-

337 983 413 1039 rcut
435 974 499 1057 (vv.
523 973 592 1048 152,
614 973 700 1053 823),
723 969 992 1055 quibnslocisL.
1007 971 1187 1036 Muellerus
1209 980 1241 1034 et
1255 970 1450 1055 Mechlyus

337 1074 546 1140 restituerunt
565 1071 741 1156 perfectum
774 1078 960 1146 acuerunt,
989 1080 1022 1137 et
1048 1073 1246 1136 immerserat
1267 1071 1311 1152 (v.
1334 1073 1449 1154 723);

338 1196 412 1238 nam
435 1179 613 1238 caruerant
633 1181 771 1253 utroque
791 1171 861 1234 loco
883 1168 1010 1236 defendi
1035 1179 1149 1254 potest,
1181 1169 1209 1234 si
1238 1169 1449 1254 cogitatione

338 1271 533 1358 suppleveris
563 1293 594 1336 v.
628 1273 688 1336 152
721 1269 795 1334 ‘ium
825 1278 896 1336 tum
926 1291 1000 1340 cum
1027 1267 1211 1338 Cassandra
1241 1269 1446 1336 vaticinium

339 1395 433 1437 suum
454 1369 563 1436 edidit'
584 1380 618 1436 et
637 1370 736 1434 altero
756 1369 826 1434 loco
849 1375 933 1434 ‘cum
954 1365 1094 1454 primum
1121 1369 1238 1434 umbra
1255 1371 1445 1454 apparuit’3

338 1474 534 1539 immerserat
554 1480 662 1535 autem
682 1494 714 1534 v.
736 1471 798 1535 723
820 1469 941 1534 dictum
963 1478 1012 1534 est
1033 1467 1081 1550 sd
1095 1468 1287 1534 celeritatem
1306 1469 1444 1554 signifi-

339 1571 473 1637 candum
495 1569 566 1654 (cin
587 1593 617 1634 v.
640 1569 723 1651 108).
766 1568 968 1644 Praeterea,
998 1589 1080 1651 quae
1101 1568 1195 1632 modo
1224 1570 1443 1654 exposuimus

339 1672 379 1738 de
400 1682 580 1756 temporum
601 1685 673 1746 usu,
689 1669 765 1734 ‘hcc
784 1670 854 1734 loco
887 1668 1184 1737 commemoratione
1205 1669 1442 1754 dignissimum

338 1782 388 1838 est
406 1796 436 1837 v.
460 1773 520 1838 128
542 1781 574 1836 et
595 1772 656 1837 582
676 1770 784 1835 verbis
804 1769 992 1834 incohativis
1005 1770 1195 1849 puerascere
1220 1781 1252 1832 et
1273 1776 1440 1850 tepescere,

340 1894 423 1955 quae
444 1881 561 1937 natura
582 1893 641 1937 sua
661 1880 777 1938 neutra
796 1880 882 1947 suut,
915 1869 1113 1936 transitivum
1142 1869 1241 1934 tribui
1261 1868 1338 1946 vim,
1367 1892 1440 1954 qus

339 1971 435 2037 dere
457 1970 575 2039 iniuria
595 1970 743 2038 dubitare
765 1970 894 2036 videtur
906 1969 946 2034 L.
958 1970 1135 2036 Muellerus
1156 1976 1201 2054 (p.
1223 1971 1285 2036 460
1299 1979 1332 2034 et
1346 1973 1439 2053 483).

341 2071 429 2138 Telis
451 2082 558 2138 autem
579 2095 659 2138 usus
680 2071 826 2156 vestigia,
850 2079 1007 2156 quantum
1036 2069 1185 2154 equidem
1207 2069 1282 2147 scio,
1309 2070 1345 2134 'iu
1366 2093 1438 2136 uno

338 2181 464 2240 tantum
505 2172 604 2238 verbo
645 2194 748 2236 calesco
790 2171 1048 2256 compositisque,
1097 2169 1197 2236 veluti
1238 2191 1437 2248 mansuesco,

338 2294 480 2335 cennaco
511 2282 544 2335 et
572 2293 655 2355 quae
690 2281 765 2335 sunt
793 2271 909 2338 similia
940 2269 1221 2356 deprehenduntur
1250 2270 1325 2354 (cfr.
1354 2271 1438 2336 Tac.

338 2371 425 2438 Anu.
446 2372 493 2448 Π,
515 2373 565 2448 52,
586 2372 682 2439 Varr-
712 2370 752 2434 de
773 2389 807 2435 re
835 2380 915 2437 rust.
936 2370 982 2446 Π,
1009 2365 1037 2447 1,
1063 2369 1110 2454 4),
1140 2371 1258 2453 quibus
1286 2371 1435 2449 fortasse,

339 2470 522 2537 addendum
554 2473 678 2535 musco
714 2470 783 2553 (cfr.
804 2469 900 2536 Varr.
930 2470 1016 2555 apud
1037 2469 1120 2536 Non.
1142 2493 1172 2556 p.
1195 2473 1268 2548 473,
1298 2471 1320 2534 9
1341 2483 1434 2556 post-

340 2593 438 2655 quam
459 2571 540 2637 vidit
559 2570 776 2643 misericordia
797 2570 917 2636 coasts
937 2563 1077 2636 ruentem
1098 2573 1239 2656 pupuli);
1260 2572 1296 2636 in
1316 2572 1434 2638 ceteris

341 2671 448 2737 verbis
469 2672 658 2739 incohativis
686 2672 765 2737 nihil
787 2671 914 2738 omniuo
945 2671 979 2736 id
1000 2695 1101 2756 genus
1122 2671 1293 2738 invenitur.
1334 2671 1434 2738 Adde

340 2770 544 2854 quodetiam
565 2773 700 2840 verbum
734 2795 871 2856 merpere
900 2771 1099 2836 intransitive
1126 2771 1267 2856 positum
1292 2794 1362 2838 esse
1379 2773 1432 2836 vi-

341 2870 436 2937 detur
456 2895 486 2938 v.
509 2874 569 2935 372
592 2873 668 2936 ‘vidi
689 2893 748 2956 ego
769 2881 954 2954 merpeutcm
974 2870 1074 2936 fluctu
1102 2869 1249 2942 sorbente
1270 2871 1431 2954 cerinam’,

340 2990 538 3055 quamquam
572 2971 775 3055 participium
809 2971 890 3037 illud
924 2970 1046 3055 potius*
1065 2970 1106 3034 ad
1137 2970 1300 3054 passivum
1321 2977 1430 3054 rumpi,

340 3071 428 3154 quod
448 3092 505 3156 pro
526 3072 623 3136 verbo
645 3071 813 3157 deponenti
834 3070 982 3136 habuerit
1004 3070 1146 3156 scriptor,
1173 3055 1331 3156 pertinere
1351 3071 1428 3136 mihi

340 3193 529 3255 persuasum
550 3184 607 3236 est
649 3171 736 3236 Illud
768 3193 844 3236 vero
879 3171 1019 3256 profecto
1051 3170 1234 3244 mirandum
1255 3181 1314 3248 est,
1343 3172 1426 3255 qnod

340 3270 511 3358 Machlyns
533 3273 576 3358 (p.
599 3272 738 3354 XXIV)
760 3271 964 3357 reprehendit
985 3293 1114 3338 versum
1136 3272 1208 3346 707,
1231 3270 1288 3335 ubi
1310 3271 1350 3336 de
1368 3293 1420 3332 su-

339 3370 420 3447 cilla,
455 3395 537 3454 quae
569 3372 840 3458 Clytaemnestrae
883 3371 1009 3438 Orestis
1051 3369 1224 3436 adventum
1258 3370 1423 3446 nuntiavit,

341 3469 462 3534 dictum
481 3482 532 3536 est
552 3473 621 3538 ‘sed
641 3472 748 3538 statim
769 3473 888 3534 creditu
909 3491 974 3534 nou
994 3469 1056 3534 ost’.
1089 3469 1175 3535 Nam
1196 3469 1321 3536 etiamsi
1341 3491 1424 3534 com-

340 3569 446 3635 munis
477 3571 629 3654 loquendi
658 3596 738 3639 usus
765 3572 906 3656 postulat
933 3571 1135 3634 asscitum
1161 3590 1226 3634 noa
1246 3579 1302 3652 est,
1324 3580 1427 3634 tamen

340 3679 460 3754 poetae,
481 3671 583 3736 veluti
596 3673 760 3756 Vergilius
776 3670 989 3754 Ovidiusquc‚
1013 3689 1150 3753 quorum
1171 3668 1327 3754 posterior
1346 3669 1426 3734 hanc

341 3770 607 3839 constructionem
627 3773 794 3855 permultis
824 3771 902 3837 locis
934 3769 1111 3856 usurpavity
1134 3769 1252 3838 Graeci
1274 3771 1424 3834 sermonis

341 3870 613 3946 consuetudinem,
635 3892 701 3953 qua
719 3871 784 3936 dici
805 3871 885 3940 solet
906 3868 1103 3952 uoccsv‘opcu
1123 3864 1192 3938 ὑπό
1213 3891 1312 3952 τινος,
1341 3869 1424 3934 haud

342 3991 414 4035 raro
435 3981 512 4035 snut
532 3969 642 4034 secuti.

424 4069 559 4136 Constat
600 4069 788 4156 particulam
831 4072 912 4152 quod
961 4093 980 4134 a
1022 4069 1230 4155 scriptoribus
1271 4059 1422 4134 inferioris

344 4169 453 4238 aetatu
484 4170 572 4236 haud
598 4192 670 4236 raro
699 4171 772 4256 poni
800 4183 872 4255 post
893 4195 931 4240 ea
952 4171 1058 4247 verba,
1082 4192 1163 4253 quse
1185 4177 1242 4232 aut
1261 4191 1420 4252 uunquam
