3300 5042
874 543 912 604 12

337 766 430 808 suam
453 741 591 807 concitet
616 750 649 805 et
677 750 873 826 permoveat.
916 738 1077 806 Narraudi
1103 749 1212 816 autem
1239 741 1442 827 principium

339 842 428 928 capit
448 842 487 907 ab
509 840 764 927 Agamemnonis
790 840 898 906 reditu
926 850 1002 925 post
1022 839 1154 906 Troiam
1175 839 1322 904 deletam.
1366 841 1441 924 Qui

339 967 414 1008 cum
434 944 469 1008 in
488 943 601 1008 itinere
623 941 828 1025 aquilonibus
850 941 975 1006 delatus
997 951 1082 1006 esset
1102 939 1145 1004 ad
1161 939 1270 1006 littora
1284 941 1440 1018 Taurica,

338 1042 458 1128 praeda
471 1043 626 1128 Mycenas
647 1041 824 1126 praemissa
844 1041 913 1126 ipse
936 1042 1092 1126 ternplum
1106 1041 1232 1106 Dianae
1252 1040 1442 1126 ingreditur

336 1142 553 1226 precationem
581 1142 735 1206 facturus.
776 1141 846 1207 Ubi
874 1139 1075 1226 Iphigeniam
1102 1140 1218 1217 filiam,
1245 1161 1342 1224 quam
1363 1141 1439 1225 ipse

338 1241 460 1306 Aulide
482 1241 523 1304 ad
552 1264 641 1306 aram
669 1241 747 1305 deae
773 1241 1010 1316 immolaverat,
1037 1240 1145 1306 vivam
1172 1239 1438 1323 incolumemque

338 1341 483 1426 repperit
503 1349 600 1423 atque
621 1340 661 1405 ab
683 1363 722 1406 ea
744 1363 809 1424 qua
830 1339 952 1404 ratione
975 1339 1017 1404 sit
1031 1349 1157 1406 servata
1171 1339 1344 1426 cognoscit.
1367 1339 1439 1408 Sed

338 1463 413 1504 cum
442 1440 502 1506 dea
529 1451 643 1525 rogata
667 1463 688 1503 a
707 1450 809 1525 patre,
841 1450 879 1504 ut
904 1439 966 1505 sibi
993 1437 1092 1502 filiam
1118 1439 1252 1506 domum
1278 1439 1438 1504 reducere

337 1540 456 1616 liceret,
471 1539 506 1604 id
519 1540 709 1626 negavisset,
726 1539 826 1604 tristis
841 1539 914 1604 navi
929 1537 1143 1624 proficiscitur
1156 1528 1320 1624 Mycenas.
1342 1538 1439 1604 Inter

337 1663 377 1704 ea
391 1640 500 1704 classis
514 1639 604 1724 regia
616 1640 736 1724 praeda
750 1650 866 1704 onusta
881 1639 1069 1714 advenerat3
1093 1659 1159 1721 qua
1181 1636 1277 1706 simul
1294 1637 1437 1707 ,advecta

339 1739 531 1816 Cassandra,
560 1761 642 1822 quae
671 1738 910 1824 Agamemnoni
939 1748 1024 1804 sorte
1053 1737 1235 1815 obvenerat,
1268 1738 1337 1804 dira
1366 1739 1438 1804 edit

338 1840 496 1917 vaticinia,
518 1839 637 1923 quibus
650 1839 810 1903 funestam
824 1838 947 1904 cladem
963 1838 1078 1902 domus
1090 1837 1321 1922 Pelopidarum
1336 1862 1435 1924 prae-

337 1941 472 2005 nuntiat.
494 1936 671 2007 Perterrita
695 1938 795 2024 igitur
819 1937 1085 2023 Clytaemnestra,
1108 1960 1190 2021 quae
1212 1938 1341 2004 iamiam
1356 1961 1434 2024 spe-

337 2051 424 2104 raret
445 2039 595 2105 maritum
611 2062 627 2102 e
642 2039 726 2104 bello
745 2061 953 2104 reversurum
967 2061 1031 2102 non
1046 2059 1125 2114 esse,
1148 2037 1330 2104 stimulante
1352 2062 1434 2103 con-

338 2139 469 2205 scientia
483 2138 641 2215 adulterii,
663 2138 750 2222 quod
765 2137 969 2205 commiserat
983 2159 1057 2202 cum
1071 2137 1240 2223 Aegistho,
1262 2139 1435 2205 consilium

338 2241 424 2324 capit
442 2239 698 2325 Agamemnonis
720 2239 884 2303 occidendi
905 2249 1002 2323 atque
1023 2238 1172 2305 hortatur
1191 2239 1372 2315 moechum,
1394 2255 1435 2304 ut

337 2362 447 2404 secum
478 2339 609 2403 caedem
643 2348 823 2421 perpetret,
857 2337 929 2422 ipsa
960 2337 1046 2402 viam
1078 2337 1205 2402 sceleris
1237 2351 1432 2404 monstrans.

339 2439 447 2522 Quam
476 2463 550 2506 cum
576 2437 851 2523 comprobavisset
877 2437 974 2503 homo
1003 2438 1150 2523 ignavus,
1183 2438 1240 2521 qui
1264 2438 1390 2504 hostem
1412 2464 1435 2504 a

338 2541 559 2626 tergopotius
582 2563 680 2623 quam
702 2563 721 2602 a
741 2539 846 2604 fronte
869 2538 1002 2624 aggredi
1023 2539 1141 2616 mallet,
1169 2538 1283 2606 animis
1304 2561 1432 2604 resum—

336 2643 402 2727 ptis
415 2644 568 2708 fruuntur
581 2641 699 2706 illicitis
713 2639 944 2726 voluptatibus.
965 2639 990 2706 J
990 2663 1042 2703 am
1053 2661 1130 2704 vero
1145 2661 1202 2703 rex
1213 2639 1304 2702 adest
1315 2639 1432 2704 trium—

337 2743 425 2828 phali
446 2765 566 2827 pompa
582 2742 617 2806 in
630 2741 745 2807 urbem
766 2741 935 2816 inductus;
958 2739 1015 2823 qui
1036 2761 1110 2804 cum
1133 2737 1308 2807 thalamum
1329 2737 1431 2804 intra-

337 2843 445 2918 visset,
467 2841 615 2906 simulato
637 2864 710 2904 cum
733 2840 853 2926 gaudio
875 2849 1028 2920 exceptus
1043 2838 1083 2903 ab
1098 2861 1209 2910 uxore,
1222 2861 1298 2905 mox
1318 2838 1431 2903 fraude

334 2943 404 3007 eius
424 2942 661 3006 circumventus
682 2952 739 3005 est.
765 2939 851 3004 Nam
873 2963 947 3005 cum
969 2949 1118 3004 ornatum
1139 2937 1309 3002 militarem
1326 2937 1424 3022 depo-

333 3054 434 3119 neret,
455 3041 563 3106 tunioa
582 3063 747 3126 purpurea
767 3064 847 3105 auro
868 3040 955 3126 picta
975 3041 1094 3106 vertice
1115 3041 1224 3112 clauso
1246 3039 1380 3104 offertur
1394 3039 1422 3104 ei

335 3145 375 3210 ub
396 3167 508 3220 uxore,
541 3165 605 3227 qua
634 3143 826 3228 implicatus¹
850 3165 908 3208 rex
937 3142 1014 3209 dum
1036 3152 1135 3226 caput
1155 3163 1286 3204 exerere
1308 3140 1426 3215 studet,

335 3245 375 3309 ab
387 3245 545 3329 Aegistho
560 3266 600 3308 ex
613 3243 744 3308 latebris
766 3243 906 3306 exilienti
921 3241 1036 3306 misere
1051 3242 1273 3307 obtruncatur.
1297 3239 1426 3324 Corpus

335 3356 444 3410 autem
464 3344 544 3428 pede
573 3352 711 3406 tractum
741 3365 781 3406 ex
805 3342 896 3427 regia
923 3341 1016 3409 iustis
1043 3363 1109 3404 non
1137 3339 1309 3424 persolutis
1335 3350 1428 3404 nocte

335 3444 505 3509 defoditur.
549 3443 679 3526 Quibus
700 3442 853 3527 expositis
886 3441 1034 3527 queritur
1064 3450 1161 3526 poeta
1190 3439 1229 3506 de
1259 3451 1344 3505 sorte
1366 3439 1429 3504 hu-

335 3565 431 3608 mana
444 3544 541 3608 variis
552 3557 584 3607 et
598 3543 713 3609 subitis
726 3543 875 3610 fortunae
890 3542 1166 3609 vicissitudinibus
1182 3541 1322 3606 obnoxia
1332 3551 1431 3624 atque

335 3668 400 3719 eos,
425 3643 482 3728 qui
503 3664 657 3728 prospero
680 3653 818 3710 utuntur
838 3643 988 3708 fortunae
1009 3642 1097 3720 flatu,
1131 3642 1291 3718 admouet,
1320 3640 1432 3706 neni·

335 3745 438 3810 mium
459 3742 622 3810 confidant
642 3742 776 3810 deorum
798 3742 921 3828 gratiae
937 3764 974 3806 ac
987 3742 1099 3808 favori.
1121 3778 1164 3790 -
1186 3741 1433 3825 Agamemnone

336 3845 443 3912 occiso
474 3866 549 3908 cum
578 3841 729 3926 parvolus
758 3840 893 3908 Orestes
919 3842 1015 3906 etiam
1046 3842 1082 3906 in
1111 3841 1224 3928 eapitis
1253 3840 1433 3924 periculum

341 3945 498 4011 adductus
521 3953 615 4018 esset,
636 3941 767 4006 Electra
786 3965 879 4009 soror
901 3965 975 4006 eum
1004 3965 1077 4008 cum
1100 3965 1182 4028 gaza
1202 3939 1434 4025 Pelopidarum

337 4044 519 4126 Troicaque
541 4041 660 4127 praeda
673 4040 776 4106 eidem
798 4042 883 4119 navi,
907 4064 972 4126 qua
986 4042 1139 4108 advectus
1154 4050 1223 4106 erat
1237 4063 1304 4116 rex,
1327 4038 1433 4122 impo-

336 4143 436 4211 situm
457 4143 603 4227 Athenas
625 4141 724 4220 ducit,
749 4141 806 4207 ubi
835 4163 869 4208 se
895 4142 1074 4216 litterarum
1110 4139 1226 4206 studiis
1248 4141 1304 4204 dat
1324 4138 1439 4207 intima
