3300 5042
870 559 910 622 14

342 758 477 828 veniunt
497 755 539 818 ad
559 754 721 820 tumulum
742 755 1004 839 Agamemnonis.
1027 757 1113 822 Tum
1133 758 1274 844 Dorylas
1289 765 1451 832 manibus

343 858 430 944 regis
468 856 626 932 evocatis,
665 866 703 920 ut
738 856 930 940 supplicium
970 857 1101 943 exigant
1132 882 1152 924 a
1183 859 1451 945 Clytaemnestra

340 957 575 1043 Aegisthoque,
598 957 695 1020 simul
716 957 791 1022 deos
813 958 931 1024 inferos
959 959 1109 1043 implorat
1130 970 1227 1044 atque
1249 963 1448 1043 obtestatur,

343 1071 381 1123 ut
400 1059 500 1124 fnn'as
521 1057 651 1123 ultrices
666 1057 699 1120 in
713 1058 873 1123 maleficos
894 1058 1077 1123 immittant.
1108 1059 1202 1142 Quae
1223 1083 1298 1128 cnm
1312 1064 1448 1132 loeutus

340 1170 436 1236 esset,
455 1158 542 1244 regis
564 1179 629 1220 vox
643 1156 775 1220 auditur
789 1180 830 1221 ex
844 1157 908 1220 imo
931 1159 1087 1242 sepulcro,
1110 1160 1166 1243 qui
1188 1175 1324 1228 mortem
1346 1187 1446 1230 suam

341 1283 406 1324 non
424 1261 560 1324 inultam
587 1259 655 1322 fore
683 1256 854 1342 promittit,
884 1257 924 1320 de
953 1258 1066 1323 ceteris
1099 1272 1208 1326 autem
1237 1261 1444 1330 Cassandrae

341 1361 513 1445 praedictis
546 1358 641 1422 fidem
674 1379 743 1421 esse
776 1356 957 1422 habendam
989 1357 1075 1424 dicit.
1117 1359 1188 1424 Iam
1220 1384 1297 1428 vero
1325 1364 1444 1430 eadem

341 1472 433 1524 nocte
464 1458 582 1525 umbra
613 1456 867 1542 Agamemnonis
900 1456 1045 1522 Athenas
1078 1459 1164 1523 volat
1192 1470 1224 1524 et
1254 1461 1299 1526 ibi
1328 1461 1444 1528 Oresti

296 1611 301 1622 .
339 1560 522 1647 Pyladique
543 1557 775 1622 dormientibus
798 1557 905 1622 oblata
925 1557 1043 1622 excitat
1064 1579 1118 1624 eos
1134 1560 1177 1624 ad
1191 1562 1344 1626 ultionem
1368 1564 1442 1628 exi-

340 1663 478 1748 gendam
494 1684 514 1725 a
526 1659 632 1725 caedis
648 1682 724 1724 suae
739 1660 935 1737 auctoribus,
956 1661 1097 1745 pollioita
1110 1661 1273 1728 ministros
1286 1663 1443 1747 Aegisthi

339 1785 393 1828 eos
409 1760 570 1827 communi
584 1759 714 1825 consilio
732 1760 899 1825 adiuturos
922 1783 1000 1826 esse.
1030 1761 1286 1848 Expergefactus
1303 1761 1442 1830 Orestes

339 1863 518 1948 aecingitur
538 1861 581 1926 ad
602 1882 692 1946 opus,
715 1861 804 1946 quod
822 1861 961 1927 iusserat
982 1874 1082 1948 pater,
1111 1865 1168 1928 sed
1195 1883 1273 1928 num
1295 1885 1315 1926 a
1334 1875 1442 1930 matre

338 1963 435 2028 etiam
461 1972 585 2048 repetat
612 1961 720 2025 caedis
748 1983 881 2048 poenas,
913 1962 1117 2028 vehementer
1149 1963 1285 2030 dubitat.
1328 1963 1441 2045 Quem

336 2063 466 2128 iamiam
488 2085 525 2127 eo
545 2061 761 2139 inclinantem,
791 2074 829 2127 ut
857 2063 954 2128 unius
975 2064 1126 2149 Aegisthi
1148 2063 1305 2148 sanguiue
1326 2087 1441 2130 manes

336 2164 436 2250 patris
450 2162 621 2249 placandos
636 2185 707 2227 esse
719 2173 859 2240 censeat,
874 2163 1042 2230 coufirmat
1056 2164 1196 2250 Pylades
1212 2176 1309 2246 atque
1324 2165 1440 2230 ambos

339 2264 495 2350 supplicio
517 2263 702 2327 afficiendos
724 2284 794 2327 esse
815 2264 987 2328 contendit.
1020 2263 1199 2348 Postquam
1221 2264 1321 2348 igitur
1342 2266 1440 2330 amici

336 2363 525 2429 seutentiam
547 2383 606 2426 suo
628 2384 759 2426 assensu
788 2359 922 2436 Orestes
952 2364 1188 2448 comprobavit,
1217 2363 1439 2432 adulescentes

336 2465 401 2528 duo
422 2463 537 2549 gladiis
559 2462 634 2526 solis
656 2461 771 2524 armati
792 2461 927 2527 callibus
951 2462 1081 2528 oooultis
1097 2463 1438 2550 proficiscunturMy-

336 2587 440 2630 cenas.
484 2562 614 2645 Quibus
644 2560 771 2626 obviam
796 2562 900 2626 faetus
928 2562 1069 2647 Dorylas
1099 2564 1264 2649 cognoscit
1285 2563 1438 2630 Orestem

335 2665 520 2746 amicosque
540 2674 575 2728 et
595 2661 746 2727 certiores
774 2661 852 2726 facit
875 2661 915 2726 de
947 2660 1117 2728 immutata
1148 2664 1345 2728 famulorum
1372 2665 1437 2730 fide

334 2775 369 2828 et
382 2764 530 2827 hortatur
551 2763 654 2839 enixe,
680 2775 718 2827 ut
738 2784 820 2847 opus
840 2762 1004 2846 inceptum
1026 2763 1089 2826 cito
1112 2774 1276 2848 peragant
1319 2763 1436 2848 Itaque

334 2863 551 2950 praemittitur
577 2863 631 2926 ille
652 2862 859 2926 nuntiaturus
880 2862 1035 2927 ministris
1063 2874 1178 2946 quarta
1199 2864 1270 2929 luce
1292 2863 1434 2930 vindices

334 2963 505 3028 adfiaturos
526 2985 605 3039 esse,
636 2984 701 3046 quo
724 2963 775 3026 die
796 2963 908 3026 famuli
930 2973 1048 3050 portas,
1082 2987 1201 3043 muros,
1234 2965 1329 3030 aedes
1352 2967 1429 3032 elam

334 3064 449 3129 armati
481 3073 647 3148 occupant,
679 3085 720 3127 ne
751 3085 786 3126 se
817 3063 953 3127 malefici
986 3075 1042 3128 aut
1069 3064 1148 3150 fuga
1176 3065 1356 3130 subducere
1377 3079 1431 3128 aut

335 3165 433 3232 armis
455 3163 625 3229 defendere
647 3174 787 3248 possent.
823 3162 958 3230 Orestes
980 3187 1055 3230 oum
1075 3165 1179 3250 primo
1202 3189 1296 3230 mane
1318 3167 1431 3250 Myce-

335 3288 394 3330 nas
408 3265 558 3342 venisset,
571 3264 688 3329 urbem
702 3265 981 3349 patriam-salutat,
1001 3265 1115 3329 deinde
1130 3266 1295 3349 ingressus
1310 3266 1433 3351 regiam

334 3365 458 3449 ingenti
479 3388 553 3431 cum
575 3364 694 3451 gaudio
716 3365 874 3449 excipitur
895 3388 915 3428 a
935 3363 1007 3428 fidis
1029 3364 1193 3430 ministris.
1229 3365 1300 3430 Iam
1322 3377 1433 3450 portae

332 3463 538 3542 clauduntur,
560 3466 639 3531 tuba
653 3465 781 3550 signum
797 3465 908 3541 datur3
931 3474 1062 3550 stupent
1080 3465 1217 3530 adulteri
1232 3479 1329 3550 atque
1345 3475 1432 3530 atro-

332 3565 414 3630 citer
434 3565 601 3630 minitatur
626 3566 883 3650 Clytaemnestra
911 3565 949 3641 ei,
981 3565 1037 3648 qui
1063 3587 1174 3650 paoem
1204 3565 1244 3632 ab
1265 3567 1335 3650 ipsa
1355 3587 1431 3650 pro-

333 3665 464 3732 missam
484 3664 672 3749 pertnrbare
687 3687 786 3729 ausus
801 3664 852 3728 sit.
873 3664 920 3728 Et
934 3687 1132 3748 quamquam
1155 3665 1294 3730 accurrit
1316 3665 1431 3729 ancilla

333 3765 485 3830 nuntians
514 3762 665 3830 Orestem
693 3764 870 3840 advenisse,
902 3773 1010 3828 tamen
1035 3765 1064 3829 ei
1092 3765 1189 3832 fidem
1215 3787 1278 3829 non
1300 3765 1430 3841 habent,

332 3865 434 3930 donec
447 3866 482 3929 in
496 3865 570 3930 aula
580 3864 729 3949 apparuit
740 3865 889 3951 Pylades.
920 3863 988 3946 Qui
1001 3855 1260 3932 vehementisime
1280 3865 1428 3928 invectus

332 3965 368 4031 in
388 3966 516 4030 sceleris
539 3975 684 4028 auctores
716 3965 887 4030 obtruncat
919 3965 1115 4051 Aegisthum
1148 3987 1330 4050 corpusque
1359 3963 1429 4028 eius

334 4076 408 4151 post
426 4067 560 4132 candem
582 4075 717 4151 portam,
746 4065 803 4129 ubi
825 4066 901 4130 olim
922 4077 1101 4150 prostratus
1123 4075 1192 4130 erat
1213 4065 1428 4150 Agamemno,

332 4165 510 4254 proiectum
532 4164 699 4231 securibus
727 4163 818 4228 iubet
846 4165 979 4231 concidi.
1021 4165 1149 4232 Interea
1169 4163 1429 4250 Clytaemnestra
