3300 5042
866 563 906 624 24

331 763 437 852 ¹nobis
458 761 613 828 traditum
634 760 685 843 sit,
705 784 746 826 ex
765 760 837 846 ipso
859 769 983 826 tantum
1005 759 1145 826 carmine
1159 759 1311 844 explicari
1324 771 1451 846 potest

343 862 594 950 proprietatibus
615 861 765 928 omnibus
786 870 820 925 et
833 859 875 924 ad
889 883 1068 926 sermonem
1082 869 1115 924 et
1129 860 1252 926 adrem
1266 861 1450 926 metricam

344 963 572 1049 spectantibus,
595 985 678 1047 quae
708 962 743 1026 in
774 961 836 1026 hoc
857 961 996 1026 carmine
1023 961 1237 1046 reperiuntur,
1263 959 1450 1044 diligenter

342 1064 464 1136 cellans
478 1074 511 1129 et
522 1061 695 1150 pensitatis.
718 1060 794 1142 Quo
815 1061 887 1124 loeo
908 1081 973 1126 non
994 1072 1042 1124 est
1057 1060 1147 1143 quod
1160 1059 1308 1144 pluribus
1321 1061 1446 1126 verbis

344 1163 447 1230 dicam
468 1188 520 1230 me
541 1162 649 1229 omnia
675 1183 759 1244 quae
786 1159 849 1224 viri
877 1159 961 1226 docti
983 1159 1023 1224 de
1036 1159 1076 1224 iis
1087 1160 1183 1226 rebus
1198 1170 1446 1226 annotaverunt

343 1263 377 1331 in
397 1288 493 1330 usum
514 1285 623 1330 meum
644 1259 848 1336 convertisse,
869 1258 915 1324 ita
937 1269 1043 1327 temen
1064 1270 1102 1324 ut
1116 1260 1299 1346 supplerem
1313 1260 1446 1326 omissa

344 1374 378 1432 et
396 1363 512 1432 collata
531 1361 733 1445 corrigerem.
775 1358 884 1424 Priori
911 1357 1011 1444 igitur
1035 1359 1105 1425 loco
1127 1359 1167 1427 de
1187 1359 1227 1424 iis
1250 1381 1332 1443 quae
1353 1382 1443 1444 pro-

343 1464 415 1550 pria
434 1472 468 1527 et
487 1460 662 1547 peculiaria
682 1469 759 1524 sunt
778 1458 935 1526 sermonis
955 1458 1034 1524 mihi
1055 1459 1227 1526 dicendum
1248 1471 1305 1526 est
1327 1459 1443 1526 Cuius

343 1564 390 1631 rei
423 1562 551 1627 initium
586 1562 750 1648 capiamus
784 1586 805 1626 a
834 1562 1000 1627 nominum
1021 1560 1153 1639 flexura,
1180 1561 1238 1627 ubi
1264 1561 1299 1626 in
1318 1560 1443 1646 primis

343 1666 504 1732 notandus
538 1676 588 1731 est
621 1665 822 1733 aecusativus
861 1663 988 1730 numeri
1022 1662 1155 1748 pluralis
1188 1682 1270 1744 pam
1304 1685 1334 1726 v.
1371 1663 1441 1726 289

344 1766 477 1851 (Troica
496 1788 578 1851 gaza
603 1765 761 1850 reportat)
788 1765 836 1828 ita
861 1764 1018 1830 formatus
1047 1785 1085 1828 ao
1105 1763 1133 1828 si
1153 1761 1370 1828 nominativus
1395 1762 1444 1827 sit

342 1891 408 1934 non
427 1887 517 1950 pozo,
538 1866 596 1931 sed
614 1885 739 1949 patum.
773 1864 826 1929 Ac
846 1863 963 1930 vitiosa
983 1863 1038 1928 illa
1056 1863 1161 1928 forma
1179 1883 1294 1946 porum
1313 1859 1442 1946 legitur

341 1968 406 2034 iam
427 1967 462 2032 in
476 1965 700 2032 Commodiani
722 1963 860 2048 scriptis,
882 1963 939 2047 qui
960 1963 1088 2028 duobus
1108 1963 1188 2028 loeis
1210 1961 1285 2038 (III,
1309 1963 1359 2038 13,
1382 1964 1438 2038 13,

342 2068 390 2146 ΙΙ,
410 2069 461 2146 30,
483 2067 537 2152 14)
559 2090 638 2134 usus
670 2076 720 2132 est
754 2064 854 2130 dativi
884 2075 916 2130 et
936 2062 1066 2130 ablativi
1094 2063 1199 2128 forma
1216 2083 1305 2146 pazo,
1327 2071 1360 2126 et
1376 2064 1440 2142 pia

341 2189 424 2254 posu
443 2169 556 2237 eodem
577 2191 654 2234 casu
676 2190 741 2251 quo
763 2165 911 2232 adhibuit
930 2175 1043 2230 auctor
1064 2163 1190 2230 Orestis
1217 2161 1360 2247 positum
1381 2185 1437 2226 re-

342 2270 448 2356 peries
478 2269 513 2334 in
544 2264 680 2354 Corippi
715 2267 800 2331 laud.
842 2266 928 2331 Just.
957 2264 1018 2340 IV,
1053 2265 1125 2330 332.
1166 2263 1216 2327 At
1246 2284 1323 2328 vero
1354 2261 1439 2326 nihil

343 2368 571 2438 offendendum
592 2378 641 2432 est
661 2388 736 2430 cum
757 2365 909 2450 Machlyo
930 2364 964 2428 in
986 2363 1125 2430 ablativo
1145 2361 1235 2429 mor?
1255 2361 1305 2428 bis
1326 2361 1437 2446 posito

342 2495 374 2539 v.
394 2471 457 2536 363
478 2478 511 2534 et
531 2469 602 2545 369,
623 2489 699 2532 cum
720 2465 856 2530 eandem
868 2465 1006 2530 formam
1020 2461 1248 2547 usurpaverint
1261 2471 1293 2526 et
1306 2459 1437 2526 Lucre-

342 2570 407 2638 tius
429 2569 470 2652 (Ι,
492 2569 568 2653 161)
589 2576 622 2633 et
635 2565 775 2634 Ovidius
797 2564 910 2647 (Trist.
932 2563 975 2640 V,
997 2565 1026 2640 2,
1049 2565 1099 2639 20,
1113 2562 1209 2628 Pont
1230 2562 1291 2638 IV,
1314 2564 1343 2640 6,
1366 2565 1437 2646 46),

341 2694 380 2742 ec
388 2671 489 2736 miror
498 2691 584 2746 sane,
595 2690 661 2752 quo
672 2666 768 2732 modo
779 2667 833 2732 ille
848 2665 893 2751 (p.
903 2663 1022 2745 XVII)
1035 2664 1195 2728 affirmare
1206 2662 1348 2748 potuerit
1358 2664 1434 2728 talis

340 2770 485 2838 licentiae
502 2769 628 2834 nullum
648 2769 832 2852 exemplum
845 2766 879 2831 in
894 2787 1059 2848 quoquam
1073 2763 1219 2849 priorum
1233 2773 1336 2828 aetate
1351 2764 1434 2828 scri-

340 2881 473 2955 ptorum
493 2876 602 2932 extare
623 2867 704 2930 etin
718 2865 842 2931 Sedulii
863 2864 994 2928 demum
1014 2862 1169 2948 poematis
1191 2862 1267 2926 talia
1287 2863 1434 2930 inveniri.

341 2968 453 3034 Minus
463 2965 595 3049 quidem
605 2987 703 3050 grave
715 2987 813 3047 quam
822 2964 904 3029 illud
912 2984 1003 3047 pozo,
1017 2972 1145 3028 atcerte
1156 2963 1361 3028 memorabile
1373 2975 1433 3040 est,

343 3068 432 3154 quod
452 3067 588 3152 scriptor
607 3087 718 3132 casum
739 3075 867 3128 sextum
888 3064 975 3129 vocis
996 3064 1113 3128 secut-is
1131 3085 1201 3128 esse
1214 3063 1316 3128 voluit
1329 3085 1434 3128 saure

341 3173 386 3247 (v.
408 3168 494 3252 213),
516 3186 715 3252 quamquam
746 3165 884 3231 eundem
910 3187 1021 3230 casum
1045 3163 1193 3231 vocabuli
1222 3166 1362 3244 bipennis
1382 3163 1430 3228 bis

341 3269 417 3333 fecit
435 3269 470 3333 in
489 3273 503 3331 i
524 3275 694 3332 exeuntem
723 3266 788 3347 (vv.
815 3267 886 3342 341,
914 3265 999 3348 521).
1051 3265 1114 3330 His
1143 3263 1225 3328 udde
1256 3263 1423 3330 ablativum

342 3370 437 3432 humo
457 3392 487 3434 v.
508 3367 569 3432 347
602 3368 676 3451 (neo
706 3363 788 3451 pede
821 3375 943 3430 tractus
975 3367 1069 3428 humo
1100 3362 1263 3444 iacuisset)
1292 3364 1428 3449 positum

339 3488 398 3553 pro
417 3466 552 3532 locativo
573 3469 671 3543 honri,
707 3464 799 3530 ouius
834 3489 913 3530 usus
949 3465 1086 3530 alterum
1122 3463 1230 3528 inveni
1251 3463 1432 3548 exemplum

343 3565 430 3652 apud
449 3564 660 3631 Ammianum
681 3564 909 3630 Marcellinum
945 3562 1081 3641 XXIV,
1109 3565 1138 3630 3.
1188 3561 1339 3648 Denique
1371 3585 1431 3649 nc-

341 3666 438 3730 tanda
468 3675 518 3730 est
548 3664 609 3730 hoo
639 3666 708 3730 loco
735 3665 839 3728 forma
871 3665 947 3741 dua,
974 3686 1072 3747 quam
1093 3673 1131 3728 ut
1150 3663 1320 3730 barbaram
1341 3664 1434 3729 reicit

344 3765 564 3850 antilianus
599 3762 640 3846 (I,
672 3767 788 3846 1,15).
830 3761 932 3830 Vides
966 3763 1067 3848 igitur
1101 3763 1287 3850 scriptorem
1317 3762 1367 3828 his
1397 3764 1432 3828 in

343 3864 441 3930 rebus
463 3885 529 3929 non
548 3863 688 3931 multum
708 3864 877 3932 recessisse
898 3864 939 3929 ab
960 3863 1144 3950 incorrupta
1164 3864 1253 3930 latini
1277 3864 1431 3930 sermonis

342 3963 534 4049 integritate.
575 3963 691 4047 Neque
718 3985 795 4030 vero
825 3965 919 4048 plura
949 3964 983 4028 in
1005 3963 1176 4030 verborum
1200 3965 1430 4049 quaeproprie

344 4062 494 4128 dicuntur
515 4063 724 4130 declinatione
743 4063 818 4129 licet
839 4064 1082 4150 deprehendere.
1103 4065 1188 4130 Nam
1210 4065 1297 4148 quod
1317 4089 1347 4130 v.
1370 4066 1429 4132 168

343 4161 462 4258 legitur
480 4163 626 4232 futurum
645 4167 753 4249 periet,
773 4163 809 4228 id
829 4175 866 4229 ut
886 4166 948 4230 alia
962 4165 1145 4232 omittamus
1159 4165 1235 4232 satis
1250 4164 1430 4232 defenditur
