3300 5042
863 605 882 668 8

328 801 435 888 colligi
455 801 530 866 licet
543 802 728 868 Pontannm
749 802 881 866 demum
902 801 1067 888 exemplar
1088 799 1177 885 quod
1198 797 1366 886 acceperat
1379 801 1424 866 ab

326 903 443 967 Enoch
475 904 702 970 emendavisse.
746 904 850 969 Cuius
882 903 929 968 rei
961 904 1190 968 documentum
1222 913 1272 967 est
1301 901 1425 967 codicis

328 1002 498 1089 Leidensis
518 1005 679 1088 scriptura
698 1004 809 1068 multis
832 989 911 1068 loeis
933 1015 1076 1068 correcta
1095 1003 1209 1067 litteris
1223 1003 1425 1088 syllabisque

329 1113 387 1166 aut
406 1102 504 1168 erasis
526 1116 583 1168 aut
603 1104 782 1189 expunctis,
804 1125 888 1186 quae
911 1105 1108 1167 omnesvfere
1130 1113 1240 1168 entant
1259 1103 1298 1165 in'
1311 1103 1425 1166 codice

328 1205 526 1269 Earnesiano
558 1227 599 1268 ex
626 1204 740 1268 eodem
769 1203 859 1286 qnod
893 1203 1074 1268 coniecerat
1089 1198 1215 1266 Enoch
1247 1201 1426 1286 exemplari

332 1305 502 1391 descripto.
525 1303 592 1387 Qui
614 1315 722 1369 autem
743 1305 799 1367 tali
820 1301 978 1368 modestia
998 1327 1078 1368 usus
1099 1315 1148 1367 est
1168 1303 1202 1365 in
1223 1301 1338 1367 libellis
1359 1303 1426 1366 illis

268 1480 271 1485 ¹
331 1417 398 1470 tam
431 1406 610 1481 luculentis,
643 1426 716 1468 eum
743 1404 798 1468 vix
826 1413 876 1468 est
905 1403 993 1487 quod
1021 1403 1131 1468 credas
1152 1403 1250 1466 alium
1273 1423 1305 1465 se
1327 1400 1424 1485 prae-

329 1506 439 1572 buisse
459 1504 494 1567 in
515 1505 672 1589 opusculo
693 1504 749 1568 vili
771 1514 868 1586 atque
890 1503 1037 1568 obscum.
1080 1503 1195 1585 Neque
1217 1525 1293 1566 vero
1314 1501 1424 1578 abeo,

330 1605 388 1690 qui
419 1603 562 1668 codicem
593 1605 848 1669 Ambrosianum
880 1604 1044 1681 exaravit,
1084 1604 1321 1668 emendationes
1352 1603 1426 1668 illas

329 1705 489 1791 proiectas
511 1726 580 1769 esse
602 1705 759 1769 existimo.
788 1704 874 1768 Nam
901 1701 928 1768 si
950 1703 1069 1768 codicis
1090 1703 1298 1770 Ambrosiani
1321 1704 1425 1789 serip-

331 1818 422 1869 turas
444 1805 625 1869 accuratius
639 1800 896 1890 perlustraveris,
918 1804 1074 1869 concedes
1089 1805 1156 1868 sine
1170 1803 1270 1868 dubio
1285 1803 1426 1869 scribam

329 1905 429 1969 fuisse
450 1906 612 1969 hominem
632 1906 757 1982 rudem,
780 1906 837 1988 qui
859 1927 964 1989 neque
986 1905 1130 1988 singulos
1144 1905 1323 1968 litterarum
1343 1903 1424 1968 dno-

332 2017 384 2070 tus
404 2006 439 2068 in
461 2007 646 2090 exemplari,
670 2006 758 2089 quod
772 2005 921 2070 manibus
935 2006 1100 2081 tractabat,
1122 2005 1223 2090 probe
1245 2005 1426 2073 discernere

329 2116 441 2192 posset
459 2127 566 2190 neque
587 2107 717 2171 omnino
738 2105 773 2169 id
788 2106 884 2190 quod
905 2099 1182 2171 transcribendum
1202 2106 1426 2170 cssetintelle-

331 2218 430 2291 geret.
473 2205 570 2271 Unde
598 2207 719 2273 factum
748 2216 811 2282 est,-
839 2216 877 2270 ut
904 2227 1148 2290 nonnumquam
1177 2202 1427 2283 emendationes,

331 2328 413 2389 quas
433 2306 468 2368 in
488 2307 636 2390 exemplo
664 2329 723 2370 suo
751 2306 929 2390 adscriptas
956 2306 1108 2390 repperit,
1130 2327 1299 2390 perperam
1325 2307 1425 2370 lectas

331 2406 365 2470 in
387 2406 645 2472 transscribendo
667 2415 896 2491 corrumperet.
941 2405 995 2472 Sic
1024 2417 1061 2470 ut
1088 2429 1190 2473 unum
1223 2407 1426 2490 alterumque

331 2507 516 2592 exemplum
538 2506 710 2591 proferam,
731 2530 761 2571 v.
777 2509 817 2569 72
833 2505 890 2570 ubi
905 2506 1143 2573 emendatorem
1157 2507 1312 2570 acmanto·
1332 2529 1427 2570 socia

330 2609 464 2672 Dianae
484 2607 632 2692 posuisse
654 2629 754 2692 supra
774 2606 925 2683 diximus,
948 2607 1000 2670 ille
1022 2606 1197 2672 dormitans
1220 2607 1348 2692 scripsit
1360 2629 1425 2670 me-

331 2707 450 2770 morali
462 2731 489 2772 a
503 2711 555 2789 D,
577 2731 607 2771 v.
623 2709 684 2772 845
700 2707 887 2772 emendator
901 2706 1093 2791 scripturam
1116 2706 1323 2791 depravatam
1339 2709 1428 2790 furit
1517 2775 1518 2778 ,

331 2828 353 2870 a
368 2857 399 2872 ..
421 2809 505 2870 eidos
525 2829 597 2871 aava
618 2816 782 2869 terrentem
802 2811 906 2888 epebut
928 2817 1111 2874 correxerat
1136 2806 1321 2891 hispositis
1338 2809 1427 2888 furit

331 2907 455 2986 alpides
475 2926 570 2971 saeco
591 2914 723 2968 terrente
743 2927 898 2987 megaera,
917 2906 944 2990 9)
965 2906 1000 2972 id
1015 2906 1103 2989 quod
1117 2905 1213 2972 homo
1231 2907 1284 2970 ille
1307 2907 1425 2972 somni-

332 3006 463 3070 culosus
485 3005 630 3091 corrupit
650 3028 764 3070 rursus
787 3005 955 3070 scribendo
972 3009 1060 3088 furit
1081 3008 1206 3085 cepides
1227 3029 1252 3070 a
1275 3015 1296 3067 t.
1320 3029 1362 3071 m.

430 3107 507 3172 dam
529 3129 605 3170 vero
629 3129 712 3189 quae
733 3106 847 3170 effecta
869 3117 944 3170 sunt
965 3105 1182 3191 disputatione
1204 3117 1314 3172 nostra
1335 3127 1423 3190 repe·

333 3218 440 3274 tamus
460 3208 516 3285 ita,
550 3219 588 3272 ut
615 3212 702 3291 'quae
734 3207 878 3290 disperse
910 3207 1104 3278 dictasunt
1137 3229 1238 3272 unum
1263 3205 1427 3272 inlocum

332 3330 496 3393 cogamus.
524 3309 610 3376 Dico
630 3308 731 3393 igitur
750 3308 869 3374 librum
893 3331 991 3392 quem
1011 3308 1155 3392 repperit
1174 3307 1289 3372 Enoch
1305 3306 1428 3370 similli-

332 3432 423 3474 mum
450 3409 550 3476 fuisse
578 3409 682 3475 codici
708 3409 949 3494 Bongarsian03
986 3431 1091 3492 neque
1120 3408 1278 3492 obloquar
1305 3407 1429 3472 Haasio

332 3508 505 3574 affirmanti
518 3510 626 3595 ipsum
641 3510 839 3574 Bernensem
851 3508 891 3573 ab
907 3509 1022 3577 Enoch
1043 3519 1208 3594 repertum
1230 3520 1262 3574 et
1282 3508 1428 3592 descrip-

333 3645 518 3660 nn*—

432 3718 453 3785 ⁹)
470 3718 512 3770 lta
530 3717 600 3769 enim
623 3719 823 3773 emendatorem
849 3718 988 3785 scripsisse
1014 3717 1078 3770 mihi
1096 3733 1255 3784 persuasum
1273 3722 1323 3769 est.
1358 3715 1430 3768 Nam

334 3803 380 3870 qni
402 3820 489 3856 caeca
505 3810 623 3854 terrente
639 3819 770 3870 mepaera
796 3801 888 3854 elicuit
911 3816 944 3852 ex
968 3801 1100 3867 scriptura
1115 3802 1215 3855 misere
1234 3801 1388 3868 depravata,
1407 3800 1432 3852 is

333 3887 455 3956 profecto
472 3901 526 3939 non
543 3886 571 3938 in
589 3901 649 3938 eum
667 3901 784 3938 errorem
800 3883 920 3938 incidere
936 3883 1031 3952 potuit,
1055 3890 1085 3937 ut
1107 3885 1134 3938 in
1152 3883 1245 3938 eodem
1262 3899 1342 3937 versu
1366 3884 1431 3936 scri·

334 3971 413 4024 beret
430 3972 550 4039 cepides.
585 3969 663 4036 Quod
680 3976 770 4022 autem
792 3987 852 4023 eum
871 3969 1010 4036 scripsisse
1034 3969 1140 4037 alpidea
1158 3969 1266 4035 conieci,
1284 3967 1311 4020 id
1335 3967 1431 4020 confir-

333 4062 422 4108 matur
431 4057 526 4108 aetatis
541 4055 613 4108 illius
625 4053 826 4120 consuetudine,
845 4069 898 4120 qua
910 4052 982 4105 haud
994 4067 1055 4106 raro
1068 4057 1235 4120 permutatae
1248 4057 1310 4104 sunt
1322 4050 1430 4103 litterae

334 4144 394 4191 eet
410 4155 437 4206 9,
463 4139 546 4194 veluti
568 4140 597 4193 in
622 4153 702 4192 versu
725 4138 912 4205 praecedenti,
942 4134 988 4189 ubi
1015 4139 1142 4206 tiparpas
1167 4136 1294 4202 scripturn
1318 4141 1360 4188 est
1382 4151 1433 4202 pro

333 4223 489 4292 Lycarpua
