3300 5042
784 609 801 669 7

248 807 408 893 scriptura
426 806 499 872 libri
527 805 702 871 Berneusis
728 827 783 868 aee
808 815 856 870 ter
877 815 961 870 estus
980 806 1002 872 i.
1024 829 1050 870 e.
1072 828 1126 874 aec
1152 808 1295 870 literius
1312 807 1340 890 ἵ)

249 909 290 976 ab
318 907 520 974 emendatore
547 915 672 970 mutata
696 906 803 970 estin
829 927 894 970 aaa
915 915 1107 988 praestatus.
1148 906 1219 972 lam
1250 906 1338 972 vides

247 1010 282 1073 in
295 1009 363 1074 eius
377 1006 468 1072 modi
486 1004 719 1070 mutationibus
734 1027 774 1070 ne
792 1004 966 1091 vestigium
981 1005 1112 1090 quidem
1126 1027 1220 1072 verae
1235 1006 1337 1091 serip-

247 1123 337 1175 turae
358 1108 521 1192 reliquum
542 1128 612 1170 esse
633 1129 693 1172 nec
712 1128 869 1189 umquam
891 1106 960 1171 fieri
980 1106 1141 1192 potuisse,
1162 1116 1202 1170 ut
1220 1107 1338 1174 talibus

244 1209 333 1285 locis,
362 1208 389 1273 si
419 1207 515 1273 unius
545 1205 663 1272 codicis
689 1205 899 1274 Ambrosiani
930 1205 993 1272 lide
1025 1205 1202 1272 niteremur
1221 1206 1257 1272 iu
1277 1206 1338 1272 hcc

245 1309 386 1376 carmine
408 1305 616 1383 emendando,
637 1329 752 1372 verum
772 1307 1009 1393 indagaremus.
1036 1305 1171 1372 Praeter
1185 1327 1232 1386 ee,
1254 1327 1338 1390 quae

244 1411 342 1476 modo
363 1407 520 1487 diximus,
547 1407 582 1472 iu
608 1407 670 1472 hac
698 1407 886 1492 quaestione
912 1406 1080 1478 tractanda
1103 1407 1222 1492 dignae
1242 1406 1338 1475 etium

245 1521 321 1578 suut
350 1531 434 1592 quae
462 1519 753 1576 commemorentur
785 1509 963 1594 scripturae
995 1508 1223 1593 discrepantes,
1256 1528 1337 1589 quas

243 1610 380 1696 praebet
398 1607 634 1675 Ambrosianus
655 1633 685 1674 v.
702 1610 721 1672 9
740 1611 842 1676 et-10.
865 1608 973 1674 Priori
994 1609 1080 1675 enim
1101 1609 1172 1678 loeo
1192 1607 1228 1674 in
1240 1628 1337 1701 versu

244 1712 317 1796 ipso
339 1708 493 1794 scriptum
514 1719 565 1774 est
584 1711 710 1788 moueri,
741 1707 776 1775 in
803 1709 949 1794 margine
978 1719 1086 1774 autem
1113 1707 1273 1774 adiectum
1295 1709 1337 1775 ol

239 1811 351 1893 feroci,
373 1831 456 1892 quae
476 1819 526 1874 est
539 1808 634 1874 lectio
651 1808 725 1874 libri
739 1807 971 1894 Bougarsieni3
993 1807 1165 1893 posteriori
1184 1807 1221 1875 iu
1241 1833 1337 1877 versu

242 1911 314 1996 ipso
335 1909 572 1976 Ambrosianus
587 1932 662 1974 cum
676 1909 835 1976 Beruensi
856 1910 1050 1995 scripturam
1071 1908 1169 1976 habet
1182 1929 1336 1990 euroram,

241 2011 275 2075 in
288 2011 433 2096 margine
447 2020 555 2074 autem
570 2012 732 2091 furemur,
755 2009 842 2074 unde
857 2021 990 2095 apparet
1005 2012 1121 2072 moveri
1136 2019 1168 2075 et
1182 2011 1338 2092 furorum

241 2133 311 2179 esse
333 2108 549 2174 emendatoris
569 2109 779 2186 coniecturas,
801 2110 933 2175 alteram
949 2109 1191 2194 ineptissimam,
1206 2110 1338 2179 alteram

242 2221 281 2274 ut
302 2207 383 2272 mihi
405 2207 537 2290 quidem
558 2207 688 2273 videtur
708 2207 919 2274 verissimam.

345 2323 473 2406 Quibus
495 2323 648 2409 expositis
676 2324 741 2388 iam
770 2324 1000 2408 inquirendum
1030 2325 1092 2390 erit
1116 2325 1225 2402 nobis,
1257 2349 1336 2394 num

243 2445 304 2511 pro
325 2425 530 2490 emendatore
550 2425 606 2490 illo
626 2424 793 2490 habendus
809 2425 852 2490 sit
864 2426 893 2490 is
908 2426 987 2513 ipse,
1010 2427 1066 2510 qui
1078 2449 1206 2492 carmen
1220 2449 1336 2512 reppe-

239 2525 319 2590 risse
341 2523 468 2601 dieitur,
489 2524 603 2590 Enoch
625 2525 820 2590 Aseulanus.
864 2525 905 2590 Id
925 2527 1016 2609 quod
1037 2547 1110 2591 cum
1132 2527 1338 2592 affirmaverit

238 2625 390 2703 Hessius,
418 2625 471 2690 cui
493 2648 643 2689 assensus
664 2637 714 2690 est
735 2626 831 2690 etiam
855 2627 1093 2703 Rothmalerus‚
1121 2649 1182 2711 ego
1203 2627 1237 2689 in
1258 2647 1335 2690 con·
1368 2637 1370 2644 '

239 2726 371 2792 trariam
390 2726 522 2792 discedo
544 2726 743 2791 sententiani.
788 2727 866 2808 Quo
893 2727 990 2791 modo
1019 2727 1103 2790 enim
1126 2747 1246 2810 quaeso
1267 2725 1336 2790 fieri

238 2827 355 2912 potuit,
376 2837 414 2890 ut
433 2825 549 2894 Enoch
570 2825 765 2902 Aseulanus,
789 2849 887 2910 quem
902 2827 935 2890 iu
951 2825 1064 2892 ceteris
1087 2849 1169 2911 quos
1191 2839 1335 2912 repertos

241 2937 274 2990 ct
293 2926 471 3012 descriptos
490 2927 525 2990 in
545 2927 674 2993 Italiam
689 2928 797 2993 attulit
811 2927 901 2993 libris
917 2928 957 2992 ab
973 2929 1060 2993 omui
1081 2929 1213 2994 libidine
1236 2929 1334 2994 absti-

238 3026 347 3092 nuisse
380 3026 508 3102 scimus,
538 3037 602 3090 tam
630 3028 843 3095 immoderata
874 3039 1021 3093 uteretur
1045 3029 1079 3093 in
1104 3030 1166 3094 hoe
1194 3027 1334 3093 carmine

237 3126 438 3191 restituendo
459 3126 593 3191 licentia.
615 3126 798 3210 Numquid
820 3128 861 3193 ab
877 3129 1065 3211 aequalibus
1088 3130 1156 3194 eius
1179 3129 1333 3193 traditum

238 3237 297 3304 est,
320 3227 409 3311 quod
423 3226 516 3292 nobis
531 3236 697 3310 tamquam
711 3249 821 3291 ansam
837 3229 892 3292 det
906 3229 978 3294 talis
999 3229 1206 3316 suspitionis?
1228 3229 1333 3294 Immo

237 3328 391 3394 Iovianus
413 3328 592 3404 Pantanus,
614 3328 671 3411 qui
692 3327 836 3393 codicem
858 3327 1050 3394 Leidensem
1073 3328 1176 3392 Taciti
1199 3340 1231 3393 et
1250 3328 1332 3395 Suc·

237 3429 318 3493 tonii
339 3430 496 3515 opuscula
517 3429 731 3494 coutinentem
746 3453 845 3494 manu
862 3453 921 3495 sua
930 3429 1127 3516 perscripsit,
1142 3430 1175 3494 in
1191 3443 1335 3495 extrema

237 3529 356 3615 pagina
375 3529 454 3594 haec
474 3529 655 3595 annotavit:
683 3530 786 3594 ‘Enoc
806 3531 992 3596 Aseulanus
1013 3529 1075 3596 hoc
1095 3529 1194 3598 libros
1218 3555 1332 3616 quam-

238 3651 337 3710 quam
368 3629 536 3696 mendosos
568 3643 601 3695 et
631 3629 835 3716 imperfectos
868 3631 910 3694 ad
942 3653 1000 3694 nos
1031 3631 1173 3708 rettulit’,
1193 3631 1219 3714 ⁸)
1248 3631 1332 3694 unde

340 3871 361 3939 1)
378 3871 432 3924 Vix
449 3871 576 3927 credibile
594 3881 637 3928 est
653 3876 811 3944 scriptorem
828 3875 877 3928 tali
894 3891 1020 3932 mensura
1041 3876 1165 3930 Τινέεῖᾶε
1181 3881 1223 3928 ter
1239 3874 1267 3928 in
1279 3890 1332 3927 uuo

236 3955 366 4009 vocabulo
374 3955 529 4022 peccavisse
539 3963 631 4012 contra
642 3958 717 4026 leges
729 3959 870 4026 metricas;
888 3975 967 4030 quam
980 3961 1013 4014 ob
1023 3978 1079 4014 rem
1089 3977 1149 4015 cum
1158 3960 1189 4012 L.
1198 3957 1331 4012 Muellcro

237 4038 374 4094 vocabulis
391 4038 562 4106 transpositis
579 4041 685 4094 restitui
705 4042 829 4094 Tiresiae
845 4059 902 4096 uec.

335 4138 358 4204 ⁸)
376 4137 432 4192 ou.
455 4153 526 4205 quae
549 4143 674 4210 esposuit
696 4143 886 4199 Massmaunus
913 4145 941 4201 in
971 4145 1086 4202 editione
1112 4143 1196 4199 libelli
1215 4143 1248 4200 de
1267 4147 1330 4200 Gan

238 4222 328 4276 mania
345 4237 427 4291 snpra
444 4230 651 4278 commemorata
667 4241 693 4293 p.
713 4229 745 4280 10
762 4232 789 4280 ct
807 4231 863 4282 185.
