3300 5042
832 570 872 636 82

451 771 558 856 arguit
576 789 661 837 unus
680 768 777 846 iners,
798 779 896 853 quern
914 765 1093 854 oonprobat
1110 764 1191 837 ordo
1212 764 1359 833 deorum.

375 908 378 914 ,
452 893 581 956 quaeso,
600 870 699 936 duces
719 869 839 954 legum,
861 868 1017 935 sententia
1037 877 1146 935 uestra
1164 866 1305 933 resoluat

450 981 626 1058 purgatum
645 969 708 1036 sub
728 969 798 1036 iure
819 969 926 1046 deum,
949 968 1009 1036 sub
1032 977 1118 1036 sorte
1137 966 1284 1052 benigna.

450 1170 532 1234 dixit
551 1180 586 1234 et
603 1158 748 1253 inposuit
768 1168 933 1234 moderata
954 1165 1078 1232 silentia
1097 1166 1235 1251 linguae.

450 1269 617 1342 eonsilium
638 1269 769 1353 petitur,
789 1270 874 1333 faeta
895 1277 1072 1334 tractantur
1093 1265 1228 1335 Orestis.

449 1393 519 1434 mos
538 1380 609 1437 erat
629 1368 763 1446 arbitrii,
786 1369 875 1452 quod
895 1368 1004 1454 dispar
1025 1368 1167 1437 oaloulue
1185 1366 1257 1434 iret

450 1469 543 1537 albus
563 1468 654 1534 adest
674 1469 771 1545 uitae,
792 1491 868 1535 nam
889 1477 1026 1535 mortem
1045 1487 1181 1536 russeus
1199 1476 1329 1550 urguet.

450 1568 559 1634 iudicii
579 1580 741 1637 certamen
761 1579 839 1650 erat
861 1567 1018 1636 sententia
1039 1567 1160 1653 duplex

450 1667 609 1753 discrepat
630 1681 662 1732 et
682 1687 836 1732 numerus
858 1691 917 1753 par
939 1679 988 1733 est
1008 1667 1178 1750 utriusqus
1196 1664 1326 1734 eoloris·

451 1767 591 1832 calculus
612 1766 704 1831 albus
726 1778 794 1830 erat
814 1766 927 1832 habuit
948 1789 1046 1850 quem
1065 1766 1179 1832 dextra
1194 1765 1385 1840 ‚Mineruae

450 1866 478 1930 is
499 1864 594 1929 datur
615 1866 657 1928 ad
676 1866 761 1930 uitae
783 1889 963 1943 numerum,
983 1866 1174 1951 purgandus
1194 1863 1330 1932 Orestes

451 1961 568 2028 dieitur
589 1975 622 2030 et
641 1989 812 2051 procerum
834 1967 905 2032 talis
927 1965 1084 2031 sententia
1103 1965 1223 2033 feam:

452 2064 479 2129 si
499 2063 627 2130 deoreta
647 2065 743 2130 deum
763 2066 886 2132 homini
907 2077 1042 2132 treotare
1061 2065 1181 2142 lioeret,

450 2175 561 2248 posset
582 2163 707 2230 Orestis
728 2189 811 2252 opus
830 2165 926 2250 legali
948 2165 1074 2232 tramite
1094 2164 1223 2250 quaeri;

450 2262 507 2327 sed
528 2263 605 2347 quia
623 2266 820 2351 praescripto
842 2265 988 2352 oapimur
1010 2265 1178 2333 elementia
1198 2263 1276 2332 caeli

449 2384 509 2428 neo
528 2363 615 2440 sinit,
635 2364 754 2428 austeri
773 2365 854 2430 iuris
875 2388 1010 2432 censura
1031 2364 1184 2449 quiescat.

451 2461 523 2546 quis
543 2472 715 2529 temerator
736 2464 797 2529 erit
816 2465 964 2530 caelestia
983 2464 1055 2532 iura
1076 2465 1228 2530 monere?

375 2624 377 2627 .
449 2585 515 2628 non
535 2574 604 2630 erat
623 2563 751 2650 inpuris
771 2564 866 2630 Paris
888 2564 1007 2632 arbiter
1027 2561 1080 2632 ille
1103 2564 1246 2642 dearum,

449 2661 590 2729 Tiresias
611 2686 669 2728 nee
689 2675 759 2728 erat
778 2664 878 2730 iudex
897 2665 1017 2751 inpune
1039 2663 1188 2730 Tonanti.

450 2773 560 2847 raptor
581 2763 649 2830 obit
669 2763 816 2849 Pyrrhus
837 2764 923 2830 iusto
944 2787 1097 2832 murrone
1118 2777 1313 2850 peremptus.

349 2926 353 2932 ,
451 2863 539 2946 quod
558 2886 617 2946 per
638 2865 757 2950 templa
776 2865 842 2929 ruit
849 2889 858 2942 ;
880 2865 942 2928 fuit
962 2876 994 2930 et
1014 2864 1155 2952 perfecta
1174 2875 1327 2950 potestas,

451 2961 478 3026 si
498 2962 616 3035 uellent
635 2964 759 3048 punire,
781 2963 858 3029 deis.
882 2985 1013 3030 saeuius
1035 2963 1168 3030 Orestes

450 3061 555 3144 sitque
576 3063 678 3128 redux
698 3062 820 3151 patriae
841 3063 928 3130 nullo
951 3063 1120 3130 damnante
1139 3072 1241 3130 reatu.

410 3331 468 3385 932
480 3329 603 3399 foetam
615 3343 713 3398 arguor
724 3332 899 3386 scribendam
911 3340 957 3389 est.
966 3360 1000 3372 -
1008 3335 1065 3388 936.
1079 3331 1136 3388 feta
1154 3335 1303 3386 pacantur
1316 3329 1348 3384 Β.
1362 3357 1397 3371 ·-

314 3413 374 3466 937.
388 3412 482 3467 arbitri
497 3428 567 3482 quos
579 3415 620 3483 R,
637 3415 743 3471 arbitrii
758 3415 830 3482 qued
841 3417 888 3484 A.;
905 3415 1008 3472 arbitrii
1018 3430 1070 3481 quo
1076 3414 1116 3470 M.
1125 3440 1159 3454 ··-
1175 3415 1233 3468 939.
1248 3411 1346 3479 suplex
1356 3413 1401 3482 B„

313 3493 415 3560 duplex
431 3497 466 3550 Δ.
481 3524 517 3537 -
531 3501 589 3552 940.
617 3498 751 3565 discrepat
771 3504 800 3551 et
815 3499 887 3565 ΒΔ.;
916 3498 1065 3566 disseparet
1085 3497 1133 3565 M,
1160 3495 1290 3552 dieorerat
1310 3494 1342 3548 L.
1364 3521 1400 3536 —-
1519 3525 1520 3530 κ

312 3578 386 3646 paris
413 3579 519 3646 utrique
544 3582 584 3648 B„
600 3582 674 3649 paris
698 3581 822 3649 utrinque
848 3582 895 3648 Δ.;
925 3595 975 3648 par
998 3585 1042 3637 est
1066 3579 1190 3646 utrinque
1217 3579 1255 3646 d,
1279 3593 1329 3645 par
1356 3585 1401 3632 est
1519 3647 1520 3658 ἵ

312 3663 450 3730 utriusque
466 3663 505 3716 M.
521 3691 555 3704 -
570 3667 628 3720 942.
644 3665 688 3719 his
704 3665 785 3720 datur
800 3665 832 3720 R
843 3693 873 3704 -
887 3667 944 3718 943.
962 3678 1088 3731 pocerum
1104 3669 1124 3716 t.
1141 3677 1162 3718 s.
1180 3677 1260 3730 perra
1276 3662 1317 3729 13„
1333 3677 1398 3729 pro·

311 3761 403 3800 oerum
423 3746 486 3800 talis
507 3748 641 3802 sententia
662 3763 729 3802 nera
744 3749 792 3815 Aa
815 3748 948 3804 sententia
968 3751 1073 3814 perstat
1088 3746 1136 3814 M,
1159 3744 1399 3800 renuntiaretur

312 3829 346 3882 R.
364 3859 396 3868 -
412 3833 471 3886 946.
488 3829 551 3898 quia
566 3833 759 3900 praescriptum
775 3830 880 3886 facinus
895 3831 933 3884 M.
950 3857 984 3870 ——
1000 3831 1056 3886 947.
1074 3845 1127 3884 nen
1144 3828 1207 3884 sinit
1222 3827 1309 3882 audiri
1326 3827 1399 3894 BA·;

311 3927 362 3966 nee
387 3914 451 3968 sinit
466 3913 570 3981 anquiri
586 3913 637 3980 M.;
653 3930 704 3968 nee
720 3915 791 3982 sinit,
817 3913 918 3972 austeri
936 3914 963 3967 S.
979 3941 1014 3952 -
1029 3915 1087 3966 9e8.
1103 3913 1164 3980 quis
1182 3918 1282 3966 temere
1302 3918 1399 3966 auctir
1519 3955 1520 3962 ,

314 3997 365 4050 erit
381 3996 412 4050 1.
428 4001 526 4052 -950.
544 4003 636 4053 uerter
652 4005 725 4053 estas
742 4000 850 4068 eratB„
868 3993 921 4054 non
937 3997 1095 4066 praestatus
1108 4001 1166 4052 erat
1183 3999 1231 4064 A.;
1248 4011 1299 4050 nec
1316 3996 1393 4052 Tire·

315 4080 369 4134 sies
385 4088 444 4134 eret
458 4081 501 4143 R..
517 4082 636 4138 Tiresias
663 4097 713 4138 ner
729 4090 790 4138 erat
806 4083 838 4140 1..
856 4111 886 4122 -
904 4083 1002 4150 inpone
1022 4081 1053 4134 B.
1069 4107 1103 4120 -
1130 4083 1188 4136 951.
1218 4079 1293 4136 iuxta
1310 4079 1341 4136 Β.
1360 4107 1395 4120 -·-

314 4166 372 4218 953.
391 4165 449 4220 deis
465 4165 514 4221 sed
529 4181 613 4232 purus
629 4164 667 4220 M.
687 4195 717 4206 -
738 4170 796 4223 959
821 4165 905 4236 fitque
921 4166 960 4226 M.
978 4191 1008 4208 -·
1027 4163 1186 4222 unientes
1200 4163 1232 4220 Β.
1248 4191 1282 4204 -
