3300 5042
756 637 796 703 69

269 835 413 904 Aeacide
435 835 620 902 stimulanta
641 835 735 914 truci,
757 859 833 903 cum
854 846 1001 924 posceret
1021 837 1116 905 heros

269 936 406 1023 uirginis
427 935 566 1013 inferias,
587 935 622 999 in
642 935 805 1022 Pergama
825 925 954 1002 saeuior
975 937 1099 1005 umbra.

268 1061 347 1122 ergo
368 1035 617 1103 ubiconsilium
638 1035 760 1121 placuit
779 1035 914 1123 Pyladis
937 1036 1057 1116 Oresti,
1243 1042 1303 1108 625

268 1137 430 1203 mentibus
452 1146 635 1214 armantur3
658 1137 734 1202 solis
755 1136 965 1202 mucronibus
987 1137 1039 1204 nsi

267 1236 403 1302 callibus
424 1236 568 1314 occultis,
591 1257 657 1322 qua
678 1236 792 1302 semita
813 1238 904 1304 ducit
924 1248 1048 1318 euntes,
1170 1260 1173 1273 ·

267 1337 359 1404 ibant
379 1337 510 1404 obscuri
531 1348 721 1422 quaerentes
743 1361 823 1404 ausa
843 1339 953 1418 latere,
1042 1344 1044 1353 '

267 1437 370 1504 donec
390 1437 424 1503 in
444 1438 580 1508 infames
600 1437 730 1525 iugulos
751 1439 896 1505 uindicta
914 1439 1048 1506 ueniret

268 1539 315 1604 sic
335 1537 534 1604 Diomedeos
556 1561 687 1624 gressus
709 1527 880 1605 comitatus
902 1539 1017 1606 Ulixes
1060 1527 1064 1534 ⁶
1237 1541 1300 1608 630

266 1639 423 1726 Dardana
441 1649 614 1706 nocturnos
634 1649 760 1726 peteret
779 1661 855 1706 cum
877 1650 982 1706 castra
1001 1639 1118 1719 uiator,

266 1739 441 1806 sollicitum
462 1739 615 1828 carpebat
635 1740 706 1817 iter,
726 1763 793 1806 non
813 1741 919 1808 indica
941 1763 1042 1807 cornu

264 1839 398 1906 classica
418 1840 583 1906 bellisonis
605 1840 753 1925 quatiens
774 1841 980 1927 clangoribus
1001 1839 1094 1920 aeris,

265 1943 322 2010 sed
342 1943 425 2030 pade
446 1965 603 2028 suspenso
625 1942 741 2008 tacitus
763 1943 833 2009 sine
852 1942 982 2010 flatibus
1004 1944 1069 2010 oris

263 2043 333 2109 ibat
354 2042 394 2108 ab
415 2042 579 2128 Argolicis
599 2065 792 2128 progressus
813 2043 980 2130 puppibus
1002 2043 1109 2110 audax
1236 2044 1297 2109 635

268 2142 380 2208 fortior
401 2141 555 2219 Oenides,
576 2143 689 2208 sollers
709 2141 863 2209 Laertius
884 2143 989 2208 heros.

266 2241 312 2308 sic
332 2231 371 2308 et'
386 2241 546 2308 Athenaei
567 2241 701 2307 iuuenes
722 2242 844 2328 petiere
866 2242 1032 2328 Mycenas.

265 2343 322 2426 qui
343 2343 422 2410 dum
443 2343 506 2407 iter
525 2342 689 2428 inceptum
711 2352 882 2428 peragunt,
903 2341 1044 2408 nutritor
1064 2341 1192 2410 Orestis

266 2453 401 2531 apparet
421 2442 564 2529 Dorylas
586 2441 693 2508 subito
715 2442 951 2530 trepidantibus
970 2442 1050 2508 illis:

263 2543 350 2608 unda
366 2543 499 2620 uenitis,
520 2541 575 2620 ait,
596 2542 742 2622 iuuenes,
764 2544 863 2627 quine
885 2543 972 2621 estis,
994 2543 1099 2622 amici,
1235 2545 1297 2608 640

263 2663 371 2725 quoue
393 2644 507 2709 tenetis
528 2643 611 2709 iter?
634 2643 692 2727 qui
711 2645 808 2708 nullis
830 2643 968 2710 uocibus
988 2643 1042 2734 usi

262 2740 341 2805 dum
363 2744 499 2809 transire
520 2752 645 2830 parant,
667 2744 809 2829 Dorylas
832 2743 987 2828 cognonit
1007 2742 1158 2823 Oresten,

264 2839 357 2905 omns
378 2841 412 2906 in
433 2844 601 2928 amplexus
621 2865 681 2930 per
702 2844 810 2910 dulcia
829 2843 911 2910 colla
931 2843 1056 2922 ruebat,

258 2938 345 3005 uiuis
358 2941 508 3008 alumne?
529 2966 664 3022 sonans3
686 2945 763 3029 quia
780 2945 877 3022 uiuis,
899 2943 1044 3012 uiuimus
1068 2935 1189 3012 omncs.

260 3040 416 3106 cessimus
436 3041 572 3119 insidiis,
593 3043 672 3109 dum
692 3045 878 3110 luxuriatur
899 3045 1035 3123 adulter,
1232 3045 1294 3110 646

259 3141 383 3207 deliciis
402 3143 532 3220 fruitur,
553 3144 678 3228 polluta
697 3153 802 3210 matre
821 3145 955 3231 potitus.

257 3244 379 3330 templa
399 3241 648 3329 triumphorum,
669 3245 791 3330 regalia
811 3254 896 3310 tecta
915 3255 1084 3331 potentum

258 3354 292 3410 et
312 3343 450 3411 delubra
468 3343 590 3410 ducum
610 3345 665 3410 uel
684 3345 869 3432 puluinaria
889 3366 1005 3432 rogum

221 3551 423 3564 μὴ

313 3659 372 3711 623.
389 3673 450 3712 cnm
473 3664 655 3734 posceres,
678 3663 841 3732 deposceret
857 3665 907 3731 A.;
931 3661 1065 3718 Aeacides
1087 3663 1228 3718 stimulans
1249 3661 1312 3716 duct

209 3743 373 3808 deposceret
389 3742 470 3796 heros
486 3743 525 3798 M.
543 3771 575 3784 -
592 3749 650 3802 625.
669 3761 733 3814 ergo
750 3748 797 3801 uhi
814 3749 856 3815 Β.,
875 3748 914 3801 sio
930 3747 977 3802 ubi
993 3750 1027 3802 A.
1044 3775 1079 3786 -
1099 3749 1156 3802 623.
1181 3759 1262 3799 causa
1278 3745 1310 3798 Β.

208 3855 246 3868 -
262 3825 320 3879 633.
338 3839 392 3878 non
408 3824 453 3878 hia
469 3825 609 3884 bellisonis
625 3829 663 3884 M.
681 3859 715 3869 -
731 3831 856 3897 quatiunt
872 3831 905 3886 R.
920 3830 1132 3898 —clangoribus
1150 3829 1309 3895 auraaBA.;

209 3907 385 3976 clangoribus
411 3908 483 3963 aeris
499 3909 531 3963 L.
547 3939 582 3950 -
598 3915 656 3966 634.
682 3911 708 3966 si
729 3914 799 3981 pede
816 3915 888 3982 BA.;
916 3913 964 3970 sed
990 3916 1060 3983 pede
1082 3915 1110 3968 6.
1134 3941 1164 3951 -
1187 3915 1244 3966 637.
1272 3912 1310 3965 sic

209 3997 338 4046 aetatene
355 3991 469 4046 iuuenes
486 3991 640 4063 petieraB.‚
658 3995 698 4050 aio
713 3997 796 4050 tacite
811 3997 926 4054 iuuenes
944 4000 1022 4054 ambo
1039 3995 1142 4065 petiere
1160 3997 1208 4060 A.;
1226 3995 1265 4047 sic
1282 4002 1310 4050 at

211 4076 350 4129 Athenaei
366 4076 479 4130 iuuenes
495 4075 600 4144 petiere
611 4077 644 4134 R.
660 4107 695 4118 —
712 4082 770 4133 639.
788 4080 907 4137 doloiras
924 4083 975 4136 sibi
992 4083 1033 4149 Β.,
1051 4079 1152 4134 dorilas
1169 4079 1258 4132 subito
1275 4081 1308 4134 A.

209 4187 245 4196 -—
269 4162 328 4214 645.
355 4158 403 4214 lux
428 4160 532 4216 oriattu
547 4162 578 4216 B.
608 4189 639 4202 -·
664 4165 723 4218 646.
749 4163 961 4234 triumphantum
984 4167 1021 4220 M.
1053 4191 1086 4202 -
1110 4165 1169 4219 648.
1195 4163 1309 4218 delubra

211 4241 294 4296 deum
313 4241 370 4299 BA.
388 4271 421 4284 -
