3300 5042
799 609 818 672 5

259 814 403 898 profecte
433 803 526 872 nihil'
543 807 633 873 aliud
660 818 709 871 est
733 807 795 871 nisi
823 817 861 870 nt
884 805 986 870 'siunt
1018 807 1123 874 oleum
1136 815 1187 872 ‘'et
1219 829 1350 892 eperum

260 912 402 998 perdere.
444 908 585 994 Spurius
606 907 708 991 igitur
727 907 894 972 habendus
923 917 972 972 est
1003 917 1115 972 versus
1143 907 1220 984 iste,
1252 929 1351 990 quem

258 1035 330 1076 mea
344 1009 476 1094 quidem
497 1007 655 1072 sententia
668 1006 838 1092 adscripsit
851 1007 889 1082 is,
912 1006 969 1090 qui
983 1006 1110 1071 initium
1124 1031 1237 1072 versus
1259 1019 1353 1072 ante.
1391 1045 1394 1050 ,

256 1111 397 1178 cedentis
419 1117 609 1192 corruptum
630 1117 663 1170 et
683 1107 834 1172 mutilum
856 1107 1046 1184 emendavit,
1069 1130 1142 1174 eum
1164 1108 1194 1172 ei
1214 1131 1351 1193 persua·-
1425 1153 1427 1158 -

256 1237 330 1278 sum
344 1222 430 1277 esset
443 1210 506 1274 tale
521 1207 600 1292 quid
614 1207 735 1290 requiri
750 1207 959 1273 adorationis
974 1217 1161 1274 eontextum
1176 1208 1349 1274 restituen-

256 1315 346 1378 dum.
367 1349 410 1361 -
430 1312 478 1376 At
499 1309 584 1374 enim
604 1309 731 1394 expleta
752 1308 855 1373 estin
883 1308 1102 1374 Ambrosiano
1127 1309 1252 1384 laeuus,
1286 1331 1351 1392 qua

255 1415 389 1481 vitiatus
410 1422 460 1476 est
479 1434 509 1475 v.
531 1411 593 1474 220
612 1409 650 1474 iu
663 1398 833 1474 'Beruensi
857 1409 961 1492 Quasi
982 1409 1116 1474 veroin
1137 1408 1349 1475 deterioribus

254 1515 346 1580 libris
382 1513 451 1577 eius
485 1511 573 1576 modi
612 1511 730 1574 damna
764 1509 955 1574 coniecturis
990 1532 1054 1574 non
1097 1509 1161 1576 sint
1189 1509 1350 1576 restruite.
1455 1573 1457 1586 Α

255 1616 370 1698 Atque
389 1612 451 1677 hoe
469 1612 540 1677 loeo
561 1610 748 1676 emendatur
779 1610 880 1676 verba
899 1612 1041 1692 faciebat
1063 1631 1156 1673 emor
1176 1632 1218 1674 ex
1240 1607 1350 1689 Ovidii

255 1717 336 1780 Met
351 1712 495 1789 V1‚469‚
517 1733 615 1795 quem
630 1711 738 1775 loeum
752 1709 906 1775 indieavit
929 1709 970 1776 L.
983 1710 1173 1786 Muellerus,
1198 1709 1224 1794 ⁵)
1259 1719 1349 1776 sum-

254 1815 357 1902 psisse
375 1812 513 1887 videtur,
540 1833 624 1894 quae
652 1810 833 1876 emendatio
855 1833 932 1874 sane
948 1833 1046 1894 quam
1069 1810 1148 1875 scita
1169 1821 1219 1877 est
1240 1832 1350 1892 neque

254 1927 359 1980 temen
378 1923 471 1977 extra
491 1933 619 1976 omnem
641 1908 874 1976 dubitationem
895 1910 1008 1994 posita.
1052 1909 1121 1974 Nee
1141 1909 1249 1976 minus
1271 1922 1349 1995 apte

253 2014 417 2101 supplevit
436 2011 623 2076 emendator
642 2035 673 2075 v.
690 2012 750 2075 139
771 2010 967 2075 venabulum
989 2012 1101 2076 tearum
1116 2011 1149 2076 in
1163 2013 1226 2076 fine
1249 2011 1349 2078 omis-

254 2138 339 2189 sum,
373 2133 572 2196 quamquam
601 2133 639 2173 eo
667 2110 738 2173 loeo
767 2109 807 2172 de
829 2131 907 2173 voce
928 2109 982 2172 illa
1003 2111 1201 2176 restituenda
1221 2111 1350 2176 omnind

254 2237 322 2278 uon
354 2219 461 2294 potest
491 2208 655 2272 dubitari..
686 2207 752 2273 Sed
779 2207 842 2274 alio
869 2209 951 2285 loeo,
983 2231 1115 2276 versum
1144 2211 1215 2276 dieo
1239 2213 1289 2287 72,
1318 2211 1351 2274 in

254 2310 484 2404 grunissimum
514 2307 627 2372 incidit
656 2330 808 2372 errorem.
852 2307 945 2404 Cum.
967 2309 1053 2374 enim
1084 2309 1117 2375 in
1149 2311 1261 2376 eodioe
1290 2333 1349 2376 suo

252 2414 287 2477 id
309 2410 397 2496 quod
418 2433 458 2474 ex
486 2408 644 2472 Beruensi
675 2420 841 2474 enotatum
873 2419 923 2474 est
956 2417 998 2474 ‘et
1030 2410 1119 2494 quod
1146 2412 1220 2496 plus
1250 2411 1351 2478 miror

251 2537 274 2599 p
286 2559 391 2576 .....
415 2533 506 2576 saera
520 2509 655 2574 Dianae'
676 2510 881 2596 repperisset,
904 2511 1059 2576 rationem
1079 2511 1132 2576 ille
1151 2535 1216 2576 nnn
1237 2511 1351 2576 habuit

249 2613 410 2678 litterulae
433 2633 468 2692 p,
501 2632 585 2693 quae
613 2611 709 2674 unica
739 2622 867 2675 servata
895 2622 965 2674 erat
992 2612 1033 2674 de
1062 2634 1140 2675 voee
1170 2611 1347 2695 deperdita,

251 2723 350 2795 atque
372 2712 465 2796 plane
486 2710 528 2772 ad
549 2710 719 2775 arbitrium
741 2733 837 2776 suum
864 2710 1009 2794 reposuit
1031 2712 1211 2776 nemoralia.
1254 2710 1350 2776 Unde

252 2812 333 2895 qnid
353 2811 560 2875 tribuendum
582 2811 624 2875 sit
649 2810 718 2875 eius
746 2810 834 2874 modi
861 2810 1110 2896 supplementis,
1138 2809 1203 2876 iam
1233 2821 1346 2895 sponte

251 2911 456 2995 intellegitur.
488 2911 577 2974 Nihil
590 2910 692 2996 igitur
704 2911 738 2973 in
751 2910 801 2975 bis
823 2911 921 2978 rebus
942 2911 1076 2996 praebet
1096 2910 1179 2977 liber
1200 2909 1345 2975 Ambro-

252 3011 373 3084 sianus,
406 3010 494 3092 quod
514 3034 589 3075 eum
616 3033 656 3074 ex
676 3011 764 3074 fonte
792 3011 921 3076 diverso
950 3011 990 3076 ab
1020 3011 1084 3087 illo,
1114 3033 1212 3095 quem
1232 3010 1349 3076 habuit

252 3110 438 3184 Beruensis‚
460 3111 638 3174 manavisse
660 3111 834 3177 confirmet.

352 3209 457 3276 Porro
479 3209 506 3273 si
536 3209 609 3293 quis
637 3208 780 3274 codicem
808 3210 1064 3277 Ambrosianum
1094 3210 1348 3297 perlustraverit,

250 3313 316 3376 iam
337 3311 444 3397 primo
465 3310 619 3395 adspectu
640 3309 803 3395 intelleget
831 3321 887 3374 aut
914 3311 1000 3376 huno
1021 3311 1140 3376 librum
1161 3312 1269 3395 ipsum
1292 3322 1350 3376 aut

252 3435 337 3488 eum,
358 3433 479 3495 exque
494 3411 675 3496 descriptus
690 3423 748 3488 est,
770 3434 903 3476 manum
917 3411 1164 3476 emendatricem
1178 3422 1348 3495 expertum

252 3535 331 3576 esse.
373 3510 503 3576 Etenim
526 3513 680 3590 maculae,
713 3513 832 3597 quibus
860 3537 925 3580 non
953 3514 1059 3580 solum
1088 3512 1348 3599 Bongersianum

254 3611 428 3676 sedetiam
455 3636 566 3678 omnes
592 3613 693 3678 libros
724 3626 870 3680 vetustos
897 3615 1082 3698 inquinatos
1114 3638 1185 3680 esse
1217 3615 1347 3688 seimus,

253 3709 342 3773 haud
362 3709 482 3774 multae
507 3712 541 3776 in
566 3736 605 3777 eo
634 3712 927 3799 deprehenduntur.
970 3713 1055 3779 Dieo
1087 3727 1195 3782 sutem
1225 3715 1348 3778 litteras

254 3820 287 3874 et
309 3808 447 3894 syllabas
468 3813 656 3894 praesertim
671 3814 781 3879 finales
800 3816 986 3897 frequenter
1007 3827 1229 3889 commutatas,
1250 3834 1347 3877 voua-

253 3909 405 3974 bulorum
427 3909 601 3993 particulas
629 3913 712 3976 male
740 3914 890 3978 disiectas
915 3925 947 3978 et
968 3915 1064 3979 modo
1079 3912 1348 3978 ‘antecedentibus

254 4010 352 4075 modo
386 4009 596 4094 sequentibus
635 4011 768 4078 vocibus
800 4013 966 4080 adiunctas
999 4015 1125 4099 aliaque
1163 4013 1197 4076 id
1235 4036 1346 4100 genus.

354 4219 376 4286 ⁵)
394 4218 412 4272 l.
431 4237 455 4274 c.
472 4237 500 4288 p.
516 4222 574 4276 465.
