3300 5042
871 576 912 646 72

484 787 615 873 planctu
636 776 813 871 gaudentes
834 783 978 848 tremunt
998 779 1229 845 sue-uocibus
1246 771 1341 845 oris.
1413 832 1417 858 2
1439 781 1443 856 ζ

359 910 364 932 ⁴
483 887 548 952 iam
568 896 681 974 portae
701 883 903 960 claudantur,
924 882 970 946 ait
989 880 1135 967 Pylades
1152 875 1283 946 Oresti.

484 988 624 1053 claustra
643 987 745 1071 ligant
765 984 883 1061 aditus,
904 991 1099 1068 crepuerunt
1120 981 1260 1047 classica
1284 981 1416 1048 Martis.

483 1087 589 1153 securi
609 1088 752 1174 stipuere
772 1085 829 1162 rei,
852 1093 990 1148 terretur
1010 1081 1156 1166 Egistus.
1483 1134 1484 1206 p

483 1194 566 1252 ‘non
579 1177 644 1270 ego
660 1185 795 1272 promisi
815 1182 940 1248 Danais
962 1202 1022 1268 per
1042 1180 1146 1247 saecla
1167 1181 1350 1266 quietem?

481 1286 600 1363 nullus,
622 1285 664 1350 ad
683 1283 855 1370 Argolicos
877 1291 1008 1347 moueat
1028 1281 1086 1364 qui
1106 1280 1200 1358 bella',
1221 1281 1393 1348 remansit

362 1418 365 1426 ·
481 1387 625 1452 Hectore
645 1394 825 1460 consumto,
847 1382 947 1448 Troia
966 1391 1122 1468 pereunte
1143 1382 1205 1450 sab
1227 1384 1351 1450 armis'

482 1487 611 1552 dicebat
630 1486 743 1571 regina
762 1485 873 1549 furens
895 1482 978 1546 irata
998 1481 1162 1547 ministris.
1226 1555 1230 1564 .

482 1586 632 1652 ‘uindico
656 1585 702 1651 sic
722 1585 833 1650 uiuam
855 1604 1047 1666 mecumque
1065 1581 1212 1648 senescet
1232 1581 1403 1669 Egistu's!

482 1685 559 1750 talia
580 1685 658 1750 dnm
678 1685 834 1770 loquitur,
857 1683 951 1767 quasi
971 1681 1092 1747 uindex
1114 1705 1212 1748 saeua
1232 1685 1399 1772 minatur,

482 1807 549 1850 una
568 1785 750 1870 puellarum
771 1784 854 1847 male
877 1783 1000 1847 concita
1021 1781 1122 1847 currit
1143 1781 1332 1871 anhelans*
1377 1859 1381 1870 ι

484 1885 584 1968 ‘uenit
605 1884 748 1950 Orestes’
770 1883 824 1959 ait,
847 1882 904 1946 sed
925 1883 1033 1946 statim
1055 1882 1175 1947 credita
1195 1893 1352 1950 nonest.

484 1985 563 2050 dum
585 1983 734 2050 dubitant
756 1996 972 2068 somnumque
993 1992 1109 2068 putant
1130 1989 1162 2048 et
1183 1986 1271 2067 uana
1294 1985 1440 2056 locutam,

484 2095 620 2172 apparet
639 2085 802 2149 uiolentus
824 2091 918 2148 atrox
937 2081 1079 2168 Pylades
1100 2082 1133 2146 in
1156 2084 1239 2161 aula,

484 2186 588 2270 qualis
609 2185 643 2249 in
663 2185 755 2250 hoste
776 2184 839 2248 fuit
860 2194 946 2261 trux,
966 2183 1192 2248 inreuocabilis
1213 2184 1319 2266 Aiax,

482 2286 627 2351 Hectora
647 2308 722 2350 cum
743 2293 868 2371 peteret
888 2284 991 2369 clipeo
1014 2284 1219 2369 septemplice
1242 2293 1364 2351 tectus.

484 2406 540 2448 ore
559 2385 698 2448 fremens
719 2394 752 2448 et
771 2383 876 2448 fronte
897 2384 1017 2461 minax,
1038 2407 1191 2468 mucrone
1213 2407 1377 2452 coruscus

395 2510 399 2515 ·
482 2483 609 2548 intonat
629 2492 776 2548 auctores
799 2482 972 2548 scelerum:
996 2484 1185 2550 crudelibus
1201 2487 1292 2553 ausis

481 2584 749 2670 regnastis'nunc
769 2607 875 2669 usque
897 2594 1014 2663 truces,
1036 2585 1173 2650 euadere
1191 2585 1299 2653 iustas

481 2685 634 2772 sperastis
655 2707 717 2753 uos
738 2707 833 2771 posse
855 2707 987 2762 manus3
1008 2685 1105 2751 modo
1129 2709 1226 2750 saeua
1245 2687 1347 2753 luetis

484 2786 643 2873 supplicia
663 2785 820 2871 scelerum
842 2808 907 2851 non
927 2809 994 2851 una
1013 2796 1117 2851 morte
1139 2789 1286 2871 peremti.
1488 2789 1490 2882 l

476 2981 566 3047 dixit
586 2994 618 3048 et
638 2983 680 3047 ad
700 2983 838 3077 famulos
860 2984 987 3048 ultricia
1006 2985 1109 3050 uerba
1128 2987 1275 3052 retorsit:
1308 2999 1312 3017 '

481 3083 690 3169 praecipitato
711 3083 800 3149 nefas
822 3083 902 3149 solio
925 3084 964 3149 de
985 3085 1138 3172 principis
1159 3087 1261 3152 ictum

412 3210 424 3229 -·
481 3193 517 3253 et
533 3182 616 3287 pede
637 3192 758 3290 tractus
779 3193 832 3249 eat
852 3184 927 3250 fera·
940 3184 1072 3252 uictima
1092 3187 1178 3274 regis
1199 3185 1338 3254 Atridis.

343 3357 545 3392 ,τῦ-ηψ--ιο-

413 3446 415 3455 ·
443 3429 504 3480 6964
527 3429 676 3496 gaudentes
700 3427 819 3482 tremunt
843 3429 915 3497 BA.;
946 3428 1297 3498 gaudentesquefr'omunt.
1311 3431 1351 3485 M.
1388 3421 1430 3479 Aa

341 3509 516 3562 &radendam
531 3511 681 3578 gaudentes
697 3511 803 3566 fervent
819 3511 964 3581 (tervunt't)
982 3517 1081 3568 -696,
1098 3515 1192 3568 mortis
1203 3515 1282 3583 Ba,
1293 3512 1390 3569 Martis
1400 3508 1428 3561 Is·

343 3617 376 3633 ν-
393 3595 451 3647 699.
466 3597 597 3660 stupuere
612 3597 764 3651 rum-701.
782 3597 855 3652 ullus
871 3596 907 3651 ad
923 3599 969 3666 A.;
987 3603 1016 3650 at
1024 3597 1158 3665 Argolicis
1169 3599 1207 3651 M.
1226 3624 1255 3638 υ·
1275 3598 1340 3667 quid
1363 3591 1427 3650 bella

342 3679 414 3747 BA.;
443 3678 494 3746 qui
516 3678 590 3732 bella
605 3680 639 3734 R.
663 3691 689 3736 ct
709 3683 747 3736 M.
776 3709 812 3724 —-
839 3685 896 3736 703.
921 3681 1043 3736 dicabam
1059 3684 1101 3751 Β.,
1126 3682 1232 3738 dicebat
1245 3684 1293 3750 A.;
1316 3677 1427 3736 dictabat

341 3763 426 3818 Bm·-
443 3762 530 3816 Hunc
554 3779 666 3817 aeream
686 3774 753 3834 poet
783 3765 841 3820 700
868 3767 1058 3820 collocandum
1086 3783 1142 3819 eme
1166 3768 1326 3836 auspicatur
1350 3763 1382 3817 R.
1398 3781 1427 3796 μ
1489 3759 1490 3806 l

342 3849 400 3902 764.
423 3847 540 3915 uindico,
565 3845 590 3900 si
616 3847 707 3906 uiuam
723 3851 761 3906 M.
777 3880 811 3896 -ψ
836 3853 894 3906 706.
923 3869 963 3904 aa
988 3852 1090 3905 minata
1113 3851 1305 3904 scribendam?
1326 3875 1358 3888 -
1374 3841 1425 3897 706·

341 3931 536 3998 puellarunale
553 3931 585 3985 Β.
602 3959 636 3973 -—
652 3934 710 3986 708.
727 3933 818 3990 locuta
834 3935 865 3988 B.
882 3963 917 3980 *-
933 3939 990 3989 712.
1015 3933 1133 3988 coruscis
1150 3935 1181 3988 Β.
1197 3963 1232 3976 -
1248 3936 1306 3988 713.
1328 3935 1426 3985 actores

340 4014 372 4066 B.
391 4040 423 4055 -
440 4018 498 4069 714.
526 4014 664 4084 regnantis
686 4016 717 4069 B.
743 4044 779 4060 κ-
805 4020 864 4072 715.
894 4020 1028 4088 sperastis·
1053 4033 1116 4072 suos
1141 4018 1172 4080 B.
1198 4045 1230 4056 -
1259 4019 1317 4072 716.
1345 4006 1424 4078 suplia

341 4097 473 4151 scelerum
489 4098 521 4150 B.
548 4127 582 4146 -ψ
609 4098 715 4171 parenti
731 4099 763 4153 B.
788 4127 822 4139 —-
838 4105 897 4158 717.
914 4103 1031 4162 famulos
1059 4115 1122 4158 suos
1149 4100 1258 4156 ultricia
1274 4101 1306 4157 B.
1323 4125 1355 4142 -
1371 4093 1423 4151 ²19·

340 4180 446 4241 auidae
462 4182 496 4237 A.
513 4209 547 4225 -·
