3300 5042
878 600 919 661 20

350 805 466 884 dolor),
487 827 517 868 v.
539 800 600 866 816
622 797 792 862 obtruncat
813 796 963 860 adaram
985 796 1081 878 (Aen.
1096 795 1160 872 III,
1182 795 1243 862 332
1265 797 1456 864 obtruncat

352 908 394 972 ad
415 904 509 987 aras),
546 926 576 967 v.
610 899 670 964 833
706 896 855 961 omnibus
890 897 961 981 ipsa
990 895 1068 960 locis
1100 897 1197 962 adero
1226 897 1284 962 tibi
1314 900 1458 964 saevior

352 1007 468 1074 umbra
489 1003 584 1086 (Aen.
606 998 667 1074 IV,
688 999 749 1072 386
770 997 921 1062 omnibus
943 996 1058 1060 umbra
1078 996 1155 1060 locis
1177 997 1299 1079 adero),
1326 1022 1356 1062 v.
1383 1000 1456 1064 926

351 1118 445 1172 vocet
464 1103 498 1168 in
519 1097 693 1166 certamina
714 1097 805 1160 diuos
829 1095 924 1176 (Aen.
947 1095 1006 1172 VI,
1029 1097 1088 1160 172
1110 1107 1206 1162 vocat
1218 1096 1251 1160 in
1266 1099 1457 1162 certamina

352 1205 468 1287 divos).
511 1201 646 1264 Praeter
666 1196 848 1280 Vergilium
877 1195 1043 1280 inprimis
1074 1194 1239 1273 Ovidium,
1259 1197 1455 1274 Lucanum,

355 1305 497 1374 Statium
517 1297 709 1365 lectitavisse
724 1296 852 1362 videtur
864 1295 989 1362 Orestis
1011 1306 1138 1372 auctor3
1161 1319 1201 1360 ex
1216 1295 1335 1363 Ouidio
1356 1299 1454 1362 enim

353 1405 447 1484 (Met.
468 1401 566 1477 VIII,
586 1401 661 1477 475)
683 1397 821 1481 sumpsit
852 1418 1043 1481 oxymorum
1070 1420 1101 1463 v.
1122 1399 1143 1462 8
1162 1397 1325 1481 impietate
1340 1397 1453 1482 pium,

352 1527 419 1589 quo
441 1498 641 1589 prooemium
663 1497 812 1563 carminis
834 1496 1010 1573 exornavit,
1040 1520 1079 1562 ex
1100 1495 1234 1561 Lucano
1258 1496 1348 1574 (VII,
1370 1500 1455 1576 202,

352 1603 449 1678 VIII,
471 1603 525 1680 33)
546 1599 638 1663 initia
657 1619 810 1662 versuum
833 1599 892 1662 682
914 1607 947 1660 et
967 1598 1042 1673 8653
1066 1594 1168 1664 Statio
1187 1595 1302 1677 (Theb.
1324 1596 1351 1672 Ι,
1368 1599 1452 1680 100)

353 1705 511 1770 debentur
539 1698 675 1783 virginei
703 1707 854 1773 cerastae,
884 1717 966 1779 quos
995 1706 1224 1762 commemorat
1252 1696 1392 1781 scriptor
1416 1721 1451 1764 v.

353 1805 425 1878 484,
446 1801 515 1865 aliis
536 1819 667 1882 quoque
695 1797 773 1860 locis
794 1796 1017 1882 descriptionis
1039 1796 1201 1861 Statianae
1230 1807 1339 1881 aperte
1368 1795 1449 1860 imi-

355 1901 453 1968 tando
482 1897 651 1984 expressis.
698 1895 850 1978 Denique
877 1895 1175 1965 omittendumnon
1206 1906 1264 1971 est,
1291 1894 1326 1958 id
1355 1898 1451 1980 quod

354 2001 648 2067 animadverterunt
668 1995 810 2060 Haasius
835 1987 873 2060 'et
900 1993 941 2057 L.
962 1994 1151 2071 Muellerus,
1184 1995 1373 2079 scriptorem
1408 2021 1450 2062 ex

354 2099 529 2186 tragoediis
552 2097 659 2177 etiam,
683 2118 766 2180 quae
787 2095 849 2160 sub
872 2093 1011 2160 Senecae
1032 2093 1161 2157 nomine
1181 2094 1337 2172 feruntur,
1360 2118 1447 2160 non-

353 2202 441 2268 nulla
462 2202 495 2265 in
516 2223 613 2264 usum
642 2221 737 2263 suum
765 2195 968 2260 convertisse.
1012 2193 1066 2260 Sic
1093 2204 1125 2259 et
1151 2193 1306 2282 digressio
1327 2194 1382 2259 illa
1407 2198 1447 2262 de

353 2303 448 2367 sortis
468 2302 627 2364 humanae
648 2295 832 2360 infirmitate
854 2287 1052 2379 deorumque
1073 2294 1193 2360 invidia
1208 2297 1250 2378 (·v.
1263 2295 1446 2382 270-282)

353 2399 557 2466 hauddubie
580 2419 732 2484 expressa
759 2405 808 2459 est
836 2418 876 2459 ex
904 2396 1039 2482 prologo
1061 2395 1227 2460 Troadum
1249 2391 1281 2460 et
1301 2397 1446 2463 narratio

355 2501 394 2565 de
427 2500 540 2564 fraude
562 2496 835 2584 Clytaemnestrae
868 2492 1029 2578 caedeque
1061 2497 1146 2581 regis
1182 2498 1225 2580 (v.
1262 2496 1323 2561 252
1356 2498 1446 2582 sqq.)

354 2600 515 2667 simillima
535 2609 584 2664 est
604 2598 649 2664 eis
671 2621 753 2682 quae
774 2595 966 2662 vaticinatur
978 2595 1159 2662 Cassandra
1179 2595 1266 2682 apud
1288 2595 1445 2662 Senecam

352 2703 471 2785 Agam.
494 2701 554 2766 873
576 2721 665 2784 sqq.;
688 2697 806 2784 quibus
829 2695 993 2762 addendus
1016 2707 1065 2762 est
1085 2720 1197 2764 versus
1209 2699 1248 2762 25
1261 2697 1445 2764 ‘ductorum

354 2799 478 2877 ductor,
499 2821 614 2883 regum
635 2823 692 2863 rex
713 2798 780 2862 dux
791 2795 1037 2880 Agamemnon,
1061 2821 1158 2882 quem
1180 2797 1221 2862 ab
1235 2793 1289 2861 illo
1302 2795 1445 2864 Senecae

353 2899 472 2984 Agam.
494 2898 534 2961 39
557 2905 624 2961 ‘rex
644 2897 697 2961 ille
716 2920 841 2981 regum,
864 2899 979 2961 ductor
989 2895 1193 2984 Agamemno
1215 2896 1343 2964 ducum'
1364 2920 1444 2983 pro·

354 2997 474 3063 fectum
495 3019 565 3060 esse
586 3019 679 3062 nemo
700 3007 780 3084 puto
803 2997 977 3084 negaverit.

436 3095 591 3181 Sequitur
622 3105 659 3160 ut
694 3098 880 3180 quaestione
912 3093 1083 3161 difficiliori
1116 3097 1154 3160 de
1187 3106 1347 3184 tempore,
1373 3082 1441 3181 ¹quo

355 3197 551 3283 compositus
601 3220 670 3260 esse
723 3196 869 3262 videatur
916 3197 969 3261 hio
1017 3195 1153 3274 libellus,
1194 3195 1228 3259 in
1275 3207 1438 3282 posterum

354 3299 453 3365 dilata
487 3297 551 3361 iam
590 3296 623 3360 in
659 3295 739 3361 duas
773 3321 825 3361 res
845 3380 848 3389 Ι
866 3320 948 3381 quae
990 3297 1054 3360 huc
1094 3296 1255 3381 pertinent
1303 3296 1436 3364 breviter

354 3395 564 3481 inquiramus.
629 3395 805 3478 Quaeritur
848 3395 932 3462 enim
975 3419 1073 3480 quam
1114 3396 1252 3482 patriam
1294 3395 1441 3462 habuerit

354 3505 451 3583 poeta
470 3518 633 3581 quamque
651 3495 691 3560 de
712 3495 810 3560 rebus
834 3495 931 3560 sacris
954 3493 1131 3561 doctrinam
1154 3496 1195 3560 sit
1215 3508 1354 3562 secutus.
1388 3497 1442 3562 Ac

355 3595 395 3661 de
436 3593 535 3680 priori
582 3595 654 3662 loco
695 3594 741 3660 ita
775 3595 927 3659 disseruit
960 3595 1132 3682 Maehlyus
1169 3595 1213 3682 (p.
1250 3593 1366 3680 XIII),
1402 3607 1442 3660 ut

355 3717 430 3761 eum
459 3691 634 3760 Graecum'
651 3692 750 3760 fuisse
779 3695 941 3760 hominem
972 3696 1185 3762 contenderet
1229 3694 1331 3762 Cuius
1367 3716 1442 3761 sen-

355 3796 504 3871 tentiam,
526 3815 722 3878 quamquam
743 3818 813 3861 eam
840 3795 990 3882 probavit
1009 3795 1050 3858 L.
1072 3795 1252 3862 Muellerus
1280 3799 1324 3881 (p.
1355 3797 1444 3878 455),

359 3917 420 3980 ego
472 3916 605 3981 prorsus
667 3895 859 3961 reiciendam
902 3919 970 3961 esse
1013 3895 1170 3964 existimo.
1240 3895 1370 3962 Etenim
1412 3899 1442 3963 si

358 3993 529 4081 Machlyns
551 3994 639 4059 exitu
660 3995 757 4060 huius
785 3995 945 4074 carminis,
976 3997 1010 4060 in
1041 3998 1256 4083 precationem
1277 4019 1337 4084 pro
1366 3996 1439 4060 uni-

356 4113 449 4156 versa
483 4095 683 4162 Graecorum
715 4106 809 4180 gente
841 4095 934 4174 flexo,
969 4096 1004 4161 id
1037 4097 1125 4184 quod
1156 4098 1326 4182 proposuit
1361 4118 1439 4161 oon-

357 4191 478 4256 firmari
520 4195 685 4278 opinatur,
737 4217 811 4259 mea
852 4196 982 4281 quidem
1024 4196 1179 4264 sententia
1219 4199 1253 4263 in
1294 4195 1440 4264 maximo
