3300 5042
869 551 908 614 22

348 761 425 837 epm
457 766 498 812 ex
517 746 631 812 Affiea
650 747 822 812 oriundum
847 748 957 814 tuisse
993 749 1196 834 suspicemur
1203 773 1212 825 ;
1242 759 1331 814 tanta
1352 749 1461 816 enim

348 835 513 912 est'huius
540 847 639 912 libelli
670 869 744 917 cum
776 847 971 914 carminibus
993 847 1128 934 Corippi
1148 846 1285 914 Luxorii
1312 859 1460 915 cetero-

346 968 484 1030 rumque
503 958 671 1033 poetarum
692 947 921 1015 Africanorum
943 948 1117 1024 similitudo
1137 949 1182 1029 ¹⁸).

360 1108 363 1117 ,
428 1046 469 1110 In
482 1049 583 1112 altera
596 1069 631 1111 re
647 1069 744 1130 quam
764 1047 882 1113 iamin
907 1048 1126 1132 quaestionem
1152 1047 1338 1114 vocabimus
1373 1059 1457 1112 tra-

346 1145 644 1235 ctandanotandum
658 1156 707 1210 est
728 1157 800 1212 ante
814 1147 922 1212 omnia
936 1146 1107 1233 scriptores
1134 1146 1292 1214 inferioris
1321 1148 1455 1213 aetatis

347 1243 421 1310 inde
432 1268 451 1308 a
462 1247 589 1312 saeculo
604 1256 720 1328 quarto
734 1256 809 1330 post
817 1245 983 1312 Christum
991 1257 1102 1310 natum
1110 1247 1197 1312 haud
1203 1269 1276 1312 raro
1286 1247 1455 1331 antiquas

293 1413 297 1417 ,
346 1343 416 1408 illas
435 1345 474 1408 de
488 1345 586 1413 rebus
600 1345 716 1410 divinis
737 1345 897 1414 doctrinas
915 1345 1096 1410 confudisse
1110 1345 1236 1412 itacum
1256 1346 1349 1412 novis
1362 1349 1452 1411 reli-

349 1444 453 1528 glanis
460 1443 650 1510 christianae
661 1445 831 1529 dogmatis,
845 1455 883 1509 ut
889 1445 978 1508 haud
987 1445 1078 1510 facile
1090 1445 1260 1522 discernas,
1269 1455 1387 1510 utrum
1398 1448 1452 1512 illi

346 1542 411 1607 iam
431 1544 536 1629 legem
557 1545 761 1610 christianam
783 1545 885 1610 secuti
907 1545 970 1610 sint
990 1567 1032 1610 au
1052 1545 1187 1612 deorum
1208 1546 1310 1612 cultui
1330 1547 1451 1612 adhuc

346 1642 465 1708 addicti
485 1645 605 1711 fuerint
625 1655 658 1711 et
678 1646 786 1712 dediti.
815 1645 892 1729 Qua
913 1646 952 1711 de
972 1669 1007 1710 re
1029 1669 1103 1712 cum
1124 1646 1341 1732 Boeckingius
1362 1658 1450 1732 apte

346 1742 534 1810 disseruerit
552 1746 587 1810 in
607 1746 744 1811 editione
767 1769 865 1829 quam
887 1746 1012 1810 curavit
1025 1746 1165 1812 Ausonii
1178 1747 1335 1812 Mosellae
1358 1747 1447 1828 (Be-

345 1842 440 1908 rolini
462 1847 552 1922 1828,
573 1868 605 1930 p.
626 1848 684 1922 423
706 1845 762 1910 cfr.
780 1843 951 1913 Niebuhrii
965 1847 1063 1929 praef.
1086 1846 1120 1910 in
1130 1846 1342 1912 Merobaudis
1365 1870 1445 1912 car-

346 1943 469 2008 minum
487 1944 648 2030 reliquias,
660 1944 709 2009 ed
731 1946 784 2009 alt.
806 1967 838 2029 p.
854 1944 917 2029 X),
932 1956 1059 2010 nonest
1081 1946 1240 2030 quodhoc
1259 1947 1330 2012 loco
1342 1945 1446 2032 plura

345 2043 573 2112 verbalaciam.
594 2046 635 2110 Id
642 2045 731 2129 quod
744 2045 779 2109 in
790 2045 877 2110 hunc
887 2067 1017 2129 quoque
1025 2046 1118 2110 cadit
1131 2046 1329 2132 scriptorem,
1338 2070 1445 2132 quem

345 2146 472 2212 saeculo
493 2157 584 2215 sexto
605 2147 723 2212 vixisse
753 2146 790 2211 in
819 2145 913 2210 tertia
941 2145 1167 2232 disputationis
1187 2154 1315 2210 nostrae
1344 2161 1442 2232 parte

346 2243 542 2312 docebimus.
582 2247 617 2311 Is
644 2247 728 2312 enim
756 2246 791 2310 in
815 2246 956 2310 carmine
984 2268 1043 2311 suo
1069 2256 1106 2309 ut
1126 2233 1310 2330 postulabat
1330 2250 1444 2332 operis

346 2346 487 2430 suscepti
507 2345 588 2411 ratio
610 2346 790 2410 studiosum
806 2367 840 2410 se
854 2343 1002 2430 praebuit
1019 2345 1152 2410 deorum
1168 2345 1444 2431 antiquorumque

346 2445 505 2511 derebus
534 2445 650 2512 divinis
679 2445 898 2511 doctrinarum
927 2445 1091 2510 cultorem.
1136 2444 1212 2526 Qua
1231 2445 1265 2509 in
1285 2467 1321 2510 re
1342 2469 1442 2532 prae-

345 2545 439 2631 cipue
465 2545 583 2631 dignus
614 2556 665 2610 est
699 2545 756 2630 qui
784 2545 937 2610 afferatur
968 2545 1057 2610 locus
1084 2543 1124 2607 de
1155 2543 1289 2610 deorum
1317 2545 1443 2613 invidia

346 2646 410 2729 (vv.
433 2649 634 2732 278-280):
1193 2715 1194 2718 ,

428 2757 504 2812 sunt
524 2748 632 2814 faciles
654 2748 730 2813 dare
751 2770 878 2812 summa
899 2746 962 2827 dei,
984 2755 1091 2811 tamen
1110 2745 1186 2818 iude
1206 2745 1405 2832 relinquunt,

428 2855 462 2909 et
481 2847 605 2913 miseris
626 2847 661 2911 in
681 2847 744 2910 fine
765 2857 882 2912 nocent
903 2858 959 2911 aut
979 2846 1061 2910 forte
1083 2856 1217 2932 repente

427 2945 608 3011 destituunt
627 2968 813 3031 poenasque
834 2956 957 3031 petunt·
971 2945 1010 3010 de
1032 2956 1117 3012 sorte
1140 2947 1289 3026 secunda,

345 3067 426 3128 quas
463 3046 635 3110 sententias
669 3067 838 3132 expressas
865 3069 934 3110 esse
966 3070 1007 3112 ex
1027 3047 1162 3132 prologo
1185 3047 1351 3112 Troadum
1371 3049 1435 3113 iam

346 3169 446 3231 supra
473 3133 643 3213 diximuss
665 3146 783 3212 Insunt
813 3157 920 3212 tamen
954 3148 1117 3224 nonnulla,
1154 3170 1244 3231 quae·
1265 3148 1434 3214 abhorrent

346 3246 387 3311 ab
422 3247 555 3332 antiqua
585 3247 814 3312 consuetudine
856 3258 888 3312 et
921 3248 1060 3332 propius.
1091 3248 1247 3312 accedunt
1280 3249 1322 3312 ad
1355 3249 1427 3333 legis

347 3346 537 3412 christianae
562 3347 725 3433 dogmata,
748 3348 849 3414 veluti
870 3348 904 3412 id
919 3347 1007 3431 quod
1021 3371 1050 3411 v.
1066 3349 1127 3412 946
1140 3348 1262 3434 legitur
1276 3350 1431 3412 clementio

347 3448 425 3510 caeti
445 3448 497 3510 vel
515 3446 675 3515 invocatio
702 3447 758 3511 illa
780 3471 811 3513 v.
840 3449 900 3512 356
931 3470 989 3531 sq,
1017 3445 1074 3511 ubi
1096 3458 1170 3533 post
1191 3450 1264 3512 deos
1286 3452 1386 3512 enoria
1406 3459 1434 3511 et

349 3556 451 3610 arrae
472 3546 567 3611 etiam
583 3551 688 3630 pietas
709 3557 737 3610 et
759 3549 846 3630 oripo
860 3552 1008 3628 polorum
1028 3556 1163 3612 acturae
1188 3548 1325 3612 caelestia
1346 3569 1435 3613 amor
1500 3581 1501 3584 ¹

348 3659 647 3715 commemorantur.
691 3640 785 3732 Quae
817 3669 892 3716 cum
923 3647 969 3712 ita
1003 3648 1075 3730 sint,
1121 3659 1239 3714 temere
1274 3673 1339 3715 non
1365 3672 1433 3715 esse

348 3746 586 3816 assentiendum
612 3748 734 3816 Haasio
764 3748 941 3833 intelleges,
977 3749 1032 3832 qui
1069 3749 1148 3833 quin
1184 3749 1304 3816 alienus
1338 3751 1433 3816 fuerit

348 3859 444 3935 poeta
464 3873 485 3914 a
503 3847 762 3927 fidechristiana,
776 3849 908 3916 minime
923 3849 1058 3914 dubium
1073 3873 1142 3916 esse
1157 3849 1296 3916 affirmet
1311 3853 1354 3938 (p.
1368 3853 1431 3932 26).

351 4023 549 4036 ψ

441 4090 482 4162 '¹⁶)
499 4093 616 4160 Dignum
640 4093 785 4160 praecipue
810 4093 881 4160 quod
910 4109 970 4146 oum
988 4091 1089 4147 Orestis
1117 4091 1256 4160 tragoedia
1282 4091 1430 4147 conferatur

349 4182 392 4230 est
407 4189 515 4232 cumen
531 4176 681 4232 Florentini
697 4177 779 4239 Antb
796 4176 844 4230 lat.
863 4177 904 4230 ed.
923 4176 1066 4230 Burmann.
1084 4177 1119 4244 11,
1136 4193 1162 4244 p.
1178 4178 1237 4229 628.
