3300 5042
761 633 800 695 29

240 855 316 898 eom
336 854 374 898 ea
392 833 583 918 copulantur
602 841 660 896 ant
678 832 725 896 ita
745 840 881 906 tantum,
901 839 941 894 ut
952 831 1091 896 multum
1104 833 1231 899 intersit
1244 833 1327 899 inter

239 935 327 998 illam
357 933 627 998 constructionem
661 943 695 997 et
715 955 787 997 eam
808 953 906 1015 quam
927 931 1038 997 dieunt
1059 935 1231 1000 accusativi
1253 957 1327 1000 oum

239 1031 402 1098 infinitivo.
446 1033 524 1115 Qua
557 1032 598 1096 de
629 1055 665 1097 re
691 1055 733 1097 ne
766 1031 891 1117 longior
919 1031 988 1108 sim,
1021 1041 1052 1097 te
1084 1033 1126 1096 ed
1147 1057 1184 1098 ea
1205 1035 1327 1120 delego,

240 1155 322 1216 quae
343 1133 494 1200 Sanctius
514 1132 596 1197 Min.
630 1155 662 1218 p.
697 1134 759 1198 498
795 1154 866 1215 sqq.
903 1131 1063 1214 (editionis
1100 1155 1182 1217 quae
1210 1136 1328 1219 prodiit

237 1254 320 1298 anno
343 1235 440 1315 1752)
461 1242 494 1296 et
507 1232 669 1318 Reisigins
682 1233 852 1300 Praeleott
875 1232 1036 1317 delingna
1056 1233 1111 1298 lat.
1133 1255 1164 1318 p.
1181 1236 1248 1300 600·
1256 1258 1326 1320 sqq.

236 1333 371 1399 uberius
393 1332 644 1417 disputaverunt
686 1330 770 1397 Eius
801 1331 889 1396 modi
916 1331 1018 1416 igitur
1045 1334 1158 1398 aetatis
1186 1334 1251 1399 iam
1278 1335 1326 1400 la

236 1433 344 1498 bentis
363 1432 501 1517 vestigia
518 1432 553 1496 in
572 1432 633 1496 hoo
650 1452 780 1517 quoqne
796 1432 936 1496 carmine
946 1431 1229 1516 deprehenduntur
1241 1433 1329 1499 haud

236 1555 350 1617 panea,
371 1532 471 1597 veluti
491 1534 572 1614 aaa
592 1533 776 1616 copulatum
797 1555 873 1598 oum
893 1531 1093 1597 ooniunotivo
1107 1545 1180 1617 post
1193 1534 1327 1600 verbnm

237 1631 390 1696 credendi
409 1655 460 1698 vv.
482 1635 543 1697 128
564 1642 597 1698 et
616 1635 689 1709 274,
710 1655 785 1697 oum
804 1631 976 1696 indicativo
991 1640 1063 1716 post
1076 1632 1175 1698 verba
1187 1633 1329 1718 fingendi

237 1741 273 1796 et
292 1732 422 1797 videndi
441 1757 492 1798 vv.
507 1735 571 1799 354
591 1743 624 1798 et
642 1734 713 1808 868,
735 1731 856 1816 quibus
877 1730 1000 1796 aeoedit
1020 1755 1049 1796 r.
1065 1733 1126 1798 529
1142 1740 1214 1796 ‘non
1227 1735 1328 1818 pudet

238 1834 322 1915 qaod
354 1844 462 1919 pastor
491 1855 692 1918 mearegna
718 1833 824 1909 tenet,
867 1832 894 1896 si
921 1831 1001 1897 fides
1035 1831 1183 1897 habenda
1218 1843 1266 1898 est
1286 1832 1326 1898 L.

236 1934 387 1999 Muelleri
409 1935 610 2000 eonieeturae
632 1934 715 2015 quod
734 1981 744 1995 .
766 1979 774 1995 .
796 1981 805 1995 .
827 1937 909 1995 tenet
936 1955 996 2017 pro
1016 1953 1054 1998 eo
1078 1932 1165 2016 quod
1185 1932 1220 1996 in
1240 1933 1327 1998 eodi-

235 2033 328 2098 oibns
347 2034 468 2118 legitur
486 2039 524 2095 aa
545 2079 553 2095 .
575 2080 585 2095 .
606 2083 615 2098 .
635 2041 721 2096 aetat
740 2031 949 2098 restituentis.
970 2031 1095 2098 Verum
1116 2033 1208 2116 plene
1229 2054 1327 2116 peen-

232 2133 324 2197 liaris
345 2143 443 2214 etque
464 2131 640 2196 abhorrens
660 2130 702 2196 ab
724 2131 869 2195 omnium
891 2131 993 2196 omnis
1009 2131 1120 2196 aetatis
1134 2131 1327 2216 soriptorum

235 2231 470 2297 consuetudine
490 2239 540 2294 est
558 2251 639 2296 usus
658 2230 834 2315 particulae
869 2229 951 2312 pria·
963 2228 1000 2294 in
1018 2229 1086 2295 eins
1115 2231 1204 2296 modi
1224 2253 1326 2298 enun-

236 2331 324 2398 tiatis
347 2334 409 2409 (vv.
432 2333 493 2395 672
514 2341 547 2395 et
567 2331 652 2412 759),
673 2329 765 2396 euius
787 2329 1032 2396 eonstrootionie
1061 2326 1102 2396 ex'
1121 2331 1210 2398 nullo
1232 2333 1328 2400 etiam

234 2430 365 2496 infimae
399 2430 512 2495 aetatis
540 2430 694 2515 soriptore
723 2430 906 2514 exemplum
932 2429 1075 2516 proferre
1102 2431 1177 2497 lieet
1204 2433 1328 2498 nisiex

234 2531 336 2596 latina
349 2530 512 2597 »librorum
532 2531 609 2598 novi
623 2531 823 2596 Testamenti
842 2530 1113 2614 interpretatione,
1135 2553 1233 2614 quam
1244 2532 1328 2600 Vul-

234 2641 345 2715 gatam
363 2641 491 2707 vocant,
511 2630 570 2695 ubi
584 2630 787 2697 Graecorum
806 2628 859 2695 dns
877 2637 951 2714 post
970 2630 1070 2695 verba
1091 2631 1257 2708 sentiendi,
1279 2631 1327 2696 di-

235 2730 328 2796 oendi
348 2732 474 2815 aliaque
494 2730 529 2794 id
550 2753 653 2815 genus
673 2729 856 2815 promiscue
877 2729 1024 2794 redditur
1049 2729 1213 2813 partiouh‘s
1235 2733 1327 2812 quod,

233 2832 319 2909 quio,
339 2833 498 2912 quomam.
538 2829 638 2895 Adde
657 2829 833 2915 peouliaria
853 2828 932 2894 haee
959 2828 995 2893 in
1016 2830 1253 2896 construetione
1274 2831 1324 2898 in·

236 2927 368 2992 finitivi:
401 2929 618 2995 accusativum
655 2951 730 2994 oum
756 2929 915 2994 infinitivo
945 2929 1139 3016 pendentem
1171 2953 1194 2994 a
1226 2932 1327 2999 verbo

236 3027 413 3112 quaerendi
433 3051 463 3093 v.
486 3032 547 3095 628
569 3037 769 3114 ‘quaerentes
792 3053 870 3096 ansa
890 3028 1009 3108 latere’,
1030 3031 1088 3098 ubi
1109 3032 1327 3118 expeotaveris

236 3128 349 3212 potius
372 3135 574 3212 ‘quaerentes
595 3149 674 3194 ensa
692 3129 891 3196 'abscondere
919 3130 971 3195 vel
991 3131 1113 3209 oelare’,
1133 3132 1326 3197 infinitivum

236 3240 351 3313 aptum
371 3251 412 3293 ex
434 3229 535 3294 verbo
557 3228 747 3313 disponendi
768 3253 798 3295 r.
821 3232 882 3296 154
904 3229 1102 3315 ‘festinusque
1123 3254 1238 3315 parare
1259 3231 1326 3298 die

233 3328 345 3414 ponit’,
376 3351 460 3413 quae
495 3329 690 3396 transmeatio
721 3329 841 3414 legitur
873 3349 1003 3414 quoqne
1034 3330 1123 3414 apud
1141 3331 1327 3399 Pallsdium

233 3429 341 3513 April.
364 3431 452 3507 2,1,
475 3429 677 3514 similemque
712 3429 887 3499 verborum
908 3431 1192 3498 oonformationem
1213 3458 1243 3500 v.
1265 3436 1327 3499 320

234 3534 435 3610 ‘veteresque
457 3529 621 3597 trahemus
640 3530 675 3595 in
695 3541 840 3598 nostram'
862 3532 999 3596 transire
1019 3528 1135 3608 fidem'‚
1164 3533 1254 3616 qnod
1273 3545 1323 3598 ta-

234 3626 332 3691 metsi
350 3623 441 3691 nullo
460 3629 667 3695 eonfirmatur
688 3632 845 3717 exemplo,
875 3643 982 3696 temen
1002 3629 1091 3694 hand
1110 3631 1255 3718 ineptum
1275 3633 1325 3697 vi-

236 3724 343 3800 detur,
376 3723 513 3808 denique
531 3729 727 3798 infinitivum
759 3731 967 3798 ooniunotum
998 3751 1073 3796 eum
1094 3732 1249 3798 adieetivo
1264 3733 1323 3813 fu-

235 3825 306 3890 citis
326 3847 358 3889 v.
380 3825 451 3900 278,
473 3825 563 3892 euius
584 3828 738 3913 loquendi
757 3852 838 3896 usus
860 3829 996 3894 alterum
1027 3841 1116 3896 extet
1141 3831 1324 3914 exemplum

233 3925 269 3989 in
290 3923 462 3992 Claudiani
482 3945 569 3993 eone.
588 3929 713 3996 Honor.
733 3932 796 4008 IV,
818 3931 888 3995 514.
916 3930 1031 4016 Neque
1052 3955 1129 3998 vero
1150 3931 1323 4016 reprehen-

234 4025 338 4092 derim
358 4036 497 4111 poetam‚
520 4028 610 4109 quod
629 4052 681 4095 vv.
704 4032 745 4094 9⁹
765 4040 799 4094 et
818 4031 879 4095 525
904 4031 1060 4098 infinitivo
1089 4053 1168 4096 usus
1194 4031 1245 4109 sit,
1266 4033 1324 4102 ubi

235 4126 374 4212 scriptor
393 4127 559 4213 prosaions
579 4149 700 4213 ponere
719 4129 858 4196 debebat
877 4132 1069 4216 partioulam
1088 4137 1124 4194 at
1142 4132 1324 4216 copulatam

237 4247 312 4292 eum
345 4227 568 4303 coniuuotivm
605 4249 644 4294 ea
673 4229 759 4296 enim
793 4230 998 4308 construetio,
1033 4252 1117 4313 quae
1145 4254 1185 4296 ex
1206 4233 1324 4301 Graeoi
