3300 5042
713 617 789 686 '83

269 832 377 887 actum
398 830 475 898 erat,
496 819 660 904 excipiunt
680 815 791 904 populi
813 815 951 882 clamore
971 816 1126 894 fauentes,
1230 820 1290 886 955
1371 881 1374 888 ,

268 921 402 1006 suscipit
422 943 587 1006 egressum
608 917 748 1004 Pylades
767 918 871 982 laetus
893 915 1031 980 amioum

269 1021 483 1105 amplexuque
505 1028 613 1084 tenent
632 1019 725 1082 laeua
745 1018 921 1100 dextraque
942 1037 1076 1082 sorores.

269 1132 409 1204 quatuor
430 1129 462 1185 et
481 1119 615 1184 reduces
635 1117 710 1183 laeti
731 1117 851 1203 petiere
872 1117 1037 1202 Mycenas,

267 1219 357 1304 regia
377 1219 498 1284 diuitiis
518 1228 708 1304 repetuntur
728 1227 812 1282 tecta
832 1217 949 1283 relatis.

269 1420 315 1485 Di
338 1419 456 1505 quibus
476 1420 599 1507 inperio
621 1432 669 1486 est
688 1421 789 1488 facilis
810 1444 961 1488 concessa
982 1420 1136 1487 Tonantis
1231 1420 1293 1484 960

270 1521 353 1586 aeris
375 1533 407 1586 et
426 1522 532 1607 pelagi
553 1532 655 1586 terrae
677 1522 821 1606 caelique
841 1532 994 1608 potestas,

270 1643 330 1684 uos
350 1620 452 1706 pietas
473 1621 654 1687 miseranda
673 1635 775 1706 rogat,
796 1645 856 1686 uos
878 1621 964 1686 mitis
984 1621 1144 1692 honestas,

270 1743 330 1784 uos
351 1719 436 1785 bona
455 1721 649 1808 simplicitas,
671 1722 803 1786 affectus
825 1721 990 1808 sanguinis
1012 1732 1092 1798 orat,

271 1841 331 1883 nos
351 1842 452 1904 genus
472 1821 659 1898 humanum,
680 1821 841 1887 consortia
861 1829 970 1886 sancta
991 1820 1123 1897 cruoris,

272 1930 439 1985 stemmata
459 1945 518 1986 uos
539 1922 675 2007 generis,
697 1921 845 2006 cognatio
867 1931 982 1987 cuncta
1002 1932 1169 2008 precatur:
1231 1919 1291 1984 965

271 2019 405 2083 crimina
425 2019 639 2084 Lemniadum
661 2030 711 2084 sat
730 2031 830 2097 erant,
852 2020 997 2085 Danaeia
1016 2020 1110 2095 facta,

272 2138 355 2199 quae
376 2117 532 2182 thalamos
552 2119 655 2183 iecere
676 2141 783 2204 rogos,
805 2130 838 2185 et
857 2120 941 2184 facta
962 2118 1112 2204 Thyestis

270 2216 539 2301 innumerumque
559 2218 657 2294 nefas,
679 2218 767 2302 quod
788 2218 830 2283 sit
849 2240 979 2284 narrare
1000 2217 1143 2303 pudoris.

272 2338 345 2381 ecce
365 2315 542 2401 Mycenaea
563 2318 679 2404 triplex
698 2319 762 2383 iam
784 2341 879 2384 scena
898 2319 1046 2407 profanat

274 2415 498 2502 Graiugenum
519 2419 654 2495 famam3
676 2431 785 2485 uestro
805 2419 870 2485 iam
891 2419 1012 2507 parcite
1033 2417 1154 2484 mundo
1231 2415 1294 2479 970

255 2524 368 2600 'atque
389 2541 484 2583 usum
506 2519 662 2584 scelerum
683 2519 807 2586 miseris
829 2533 933 2586 arcete
954 2519 1109 2605 Pelasgis.

239 2683 428 2694 ¹—---

328 2755 386 2805 955.
412 2758 549 2806 attuerant
573 2751 710 2820 excipiunt
725 2751 756 2805 B.
781 2780 811 2790 -
833 2754 890 2807 956.
912 2767 1037 2819 egressus
1053 2751 1084 2804 Β.
1102 2779 1134 2789 -
1151 2752 1209 2805 959.
1235 2765 1314 2818 repu-

228 2837 324 2886 tuntur
340 2831 380 2898 Β,
397 2833 541 2899 implentur
548 2837 595 2903 A.;
611 2840 770 2902 repetuntur
786 2835 828 2902 Β,
845 2835 984 2902 replentur
1000 2835 1037 2888 Μ.
1054 2863 1088 2874 ·-
1103 2849 1133 2887 re
1144 2872 1150 2885 .
1160 2873 1166 2886 .
1177 2832 1228 2886 atis
1244 2833 1316 2885 Β.-

227 2916 289 2968 962.
306 2915 433 2967 honestos
449 2915 479 2967 Β.
497 2945 528 2954 -
546 2921 602 2971 963.
620 2935 670 2972 nos
686 2935 740 2972 una
756 2919 787 2971 Β.
812 2947 847 2958 ·-
862 2921 919 2973 966.
936 2917 1112 2972 Lemniadum
1127 2917 1168 2986 Β,
1189 2916 1315 2970 naiadum

135 3014 136 3017 ¹
228 3003 274 3050 sat
290 2998 337 3066 A.;
354 2996 485 3051 Laiadnm
501 2998 532 3051 L.
550 3026 584 3037 —
600 3001 697 3055 daneia
713 2996 783 3069 ΒΑ.;
800 3003 923 3056 Danaeia
940 3003 968 3057 0.
985 3033 1019 3042 -
1035 3003 1107 3058 fecta
1122 3004 1163 3072 B.,
1181 3001 1254 3056 facta
1264 3003 1313 3070 A.;

228 3087 310 3149 pacta
326 3081 357 3134 L.
374 3109 407 3120 --
424 3084 482 3136 970.
499 3087 591 3136 nostm
607 3083 661 3136 iam
676 3085 709 3138 A.
728 3115 759 3122 —
772 3089 830 3140 971.
849 3087 958 3142 sceleris
975 3089 1008 3142 A.

676 3350 873 3360 -ι-
