3300 5042
752 619 790 690 17

222 821 337 886 rimus.
363 819 514 903 Denique
535 819 788 902 Agamemnonis
803 828 836 882 et
850 817 1000 902 Aegisthi
1020 837 1182 904 personae,
1205 817 1315 902 quales

222 921 390 1006 proposuit
411 917 537 987 Orestis
567 918 748 1002 tragoediae
776 918 923 1002 scriptor,
948 917 1041 1003 plane
1062 917 1181 984 alienae
1201 929 1277 982 sunt
1297 937 1317 981 a
1340 955 1345 966 ·

203 1021 296 1087 ,stilo
318 1020 406 1105 epico
421 1030 453 1083 et
467 1019 604 1103 aptiores
619 1017 660 1080 ad
673 1017 775 1083 risum
795 1017 989 1082 movendum
1012 1039 1110 1101 quam
1131 1017 1173 1080 ad
1193 1017 1315 1084 animos

222 1121 480 1186 commovendos.
535 1117 711 1184 Dubitabis
749 1119 835 1183 enim
877 1119 1031 1204 profecto,
1063 1127 1174 1184 utrum
1209 1118 1315 1183 herois

222 1221 361 1285 similem
394 1243 464 1284 esse
500 1219 588 1284 dicas
622 1241 664 1282 an
697 1219 806 1304 potius
836 1218 969 1284 Thracis
1003 1218 1063 1283 feri
1098 1217 1150 1283 vel
1179 1217 1317 1302 Scythae

224 1323 509 1406 Agamemnonem
539 1319 639 1394 illum,
675 1319 767 1385 cuius
795 1319 968 1404 imaginem
989 1329 1086 1404 poeta
1105 1317 1246 1404 pinxerit
1265 1317 1317 1383 his

224 1422 332 1487 verbis
358 1443 437 1485 usus
451 1417 503 1500 lv.
526 1422 586 1484 239
610 1419 690 1504 sq.):

325 1553 483 1618 bellorum
504 1551 636 1617 maculis
658 1553 820 1631 rutilabat,
843 1553 998 1638 sanguine
1019 1553 1163 1639 pulcher,

327 1651 456 1737 grandis
476 1651 509 1715 in
530 1663 673 1738 aspectu,
694 1675 878 1738 pugnarum
899 1651 1031 1718 horr‘ore
1053 1654 1199 1720 decorus.

310 1787 437 1869 Quibus
465 1787 548 1853 adde
577 1810 615 1852 ea
644 1808 728 1873 quae
749 1787 1005 1874 Clytaemnestra
1032 1812 1063 1854 v.
1086 1789 1146 1854 209
1169 1810 1218 1873 sq.
1239 1787 1317 1854 dicit

225 1889 267 1954 de
289 1888 443 1973 coniuges
1359 1903 1363 1914 ’

321 2005 481 2072 bellomm
501 2005 636 2071 maculis
655 2016 690 2070 et
710 2029 851 2072 crassam
872 2006 1027 2091 sanguine
1048 2015 1171 2072 vestem

322 2128 382 2170 rex
401 2106 490 2168 ferus
511 2105 644 2170 indutus
665 2106 779 2169 veniet.

308 2219 421 2301 Atque
456 2219 490 2281 id
522 2219 625 2303 magis
661 2219 756 2284 etiam
787 2219 874 2284 cadit
904 2219 938 2284 in
959 2221 1109 2306 Aegisthi
1135 2241 1316 2308 personam,

228 2339 329 2402 quem
351 2317 497 2404 scriptor,
519 2341 593 2385 cnm
622 2343 697 2384 eum
725 2343 745 2382 a
764 2331 866 2385 matre
891 2323 1077 2408 ‘expositum
1097 2322 1263 2388 inventum
1284 2331 1317 2388 et

224 2418 397 2483 educatum
433 2441 502 2483 esse
534 2441 554 2482 a
587 2420 771 2504 pastoribus
798 2421 930 2506 legisset
956 2422 1025 2504 (cfr.
1047 2421 1135 2510 Hyg.
1162 2423 1226 2489 fab.
1249 2425 1316 2509 87),

222 2519 394 2584 subulcum
429 2518 522 2583 finxit
551 2519 676 2597 rudem,
710 2521 886 2597 sordidum,
921 2522 1085 2606 ignavum,
1118 2533 1156 2587 ut
1190 2524 1315 2588 mireris

222 2643 299 2687 sane
320 2619 353 2683 in
374 2619 520 2703 legendo,
543 2641 609 2702 qua
629 2631 698 2684 arte
718 2620 815 2687 homo
837 2621 890 2684 ille
911 2621 1025 2686 foedus
1040 2620 1315 2706 Clytaemnestrae

221 2743 364 2786 amorem
386 2719 448 2784 sibi
468 2719 638 2784 conciliare
658 2720 801 2804 potuerit
822 2720 892 2804 (cfr.
904 2743 955 2784 vv.
972 2722 1035 2788 204
1056 2741 1138 2806 sqq,
1160 2722 1221 2786 219
1233 2742 1314 2808 sqq,

224 2823 295 2895 228,
317 2821 379 2882 274
399 2841 459 2902 sq.,
479 2821 553 2896 336,
572 2821 636 2884 ’412
658 2841 741 2903 sqq,
762 2821 835 2896 478,
857 2821 918 2883 718
940 2819 1026 2904 sqq.)
1048 2819 1095 2906 ¹⁴).

306 2949 383 3015 Jam
403 2975 479 3016 vero
501 2951 590 3035 quod
611 2950 653 3015 ad
673 2951 823 3017 carminis
846 2952 1110 3038 compositionem
1140 2965 1172 3022 et
1194 2955 1312 3026 oratio·
1387 2975 1388 2978 ’

222 3073 298 3117 nem
325 3049 446 3126 attinet,
478 3052 561 3116 male
591 3052 790 3136 provinciam
819 3076 911 3118 suam
944 3053 1178 3121 administravit
1208 3066 1314 3142 poeta,

224 3176 322 3237 quem
344 3174 417 3217 cum
450 3151 573 3216 tumido
604 3151 659 3215 illo
680 3152 844 3236 prooemio
865 3152 1041 3237 legentium
1060 3157 1312 3242 expectationem

223 3251 386 3329 erexisset,
407 3260 445 3317 ut
458 3250 587 3319 Horatii
606 3251 714 3318 verbis
735 3263 817 3330 utar,
840 3276 881 3318 ex
900 3253 1026 3340 fulgore
1048 3255 1172 3322 dedisse
1186 3259 1313 3328 firmum

224 3353 395 3419 dicendum
418 3351 468 3418 sit.
504 3351 636 3418 Etenim
658 3374 762 3437 neque
784 3363 888 3420 totum
910 3378 1039 3423 carmen
1060 3358 1211 3444 prudenti
1232 3385 1312 3430 usus

222 3451 340 3516 iudicio
361 3453 543 3539 composuit
563 3475 669 3538 neque
691 3453 833 3540 singulas
867 3466 975 3542 partes
1005 3466 1078 3543 apte
1100 3457 1259 3546 disposuit
1279 3471 1312 3528 et

223 3550 404 3636 explicavit.
443 3552 484 3617 In
512 3553 581 3618 aliis
610 3554 696 3622 enim
724 3556 820 3620 rebus
847 3557 1032 3623 enarrandis
1053 3557 1219 3631 verbosior
1239 3562 1310 3640 fuit,

324 3822 355 3891 ¹⁴)
372 3824 495 3878 Breviter
511 3830 639 3897 attingam
655 3830 733 3899 Enyo
761 3832 848 3899 deam,
874 3845 944 3899 quae
961 3835 1055 3890 eadem
1081 3842 1123 3892 est
1147 3851 1180 3894 ae
1195 3839 1310 3896 Bellona

222 3905 412 3975 Romanorum,
440 3925 464 3962 v.
486 3911 536 3964 497
561 3912 599 3966 ita
616 3913 785 3982 descriptam,
809 3919 840 3968 ut
856 3915 962 3970 omuino
983 3935 1036 3972 non
1057 3920 1165 3978 differat
1186 3925 1309 3984 aFuris

223 3990 304 4042 Cuius
325 3991 366 4045 rei
389 3990 505 4046 fortasse
528 4007 624 4048 caussa
646 4002 688 4050 est
709 3997 799 4050 cultus
815 3996 861 4052 ille
879 3998 946 4056 deae
963 4003 1107 4072 Asiaticae,
1129 4022 1197 4074 qaue
1214 4009 1310 4073 eadem

221 4073 334 4127 Bellona
356 4074 428 4128 dicta
445 4074 537 4128 Sullae
561 4080 725 4146 temporibus
741 4087 851 4148 recepta
868 4089 916 4152 est,
940 4101 993 4152 quo
1016 4085 1049 4140 de
1067 4087 1139 4140 cultu
1162 4089 1222 4146 vide
1240 4109 1308 4178 quag

223 4156 345 4222 exposuit
367 4157 502 4213 Prellerus
523 4159 610 4227 Myth.
633 4161 709 4216 Rom.
731 4179 757 4231 p.
781 4166 838 4217 734.
860 4165 964 4220 Eadem
992 4174 1081 4222 autom
1107 4175 1136 4224 ut
1157 4169 1216 4241 dea,
1238 4194 1308 4246 quae

223 4239 304 4294 caede
323 4239 424 4307 gaudet
439 4242 623 4312 sanguineque
641 4243 735 4316 effuso,
753 4247 895 4316 opponitur
910 4249 1005 4320 Erinyi
1023 4267 1046 4304 v.
1064 4255 1121 4306 789.

1089 4340 1109 4402 2
