3300 5042
764 589 801 651 11

232 793 406 880 Machlyes
427 791 515 856 hand
536 812 608 855 raro
623 788 699 852 libri
712 784 887 852 Bernensis
901 787 1032 872 optimis
1046 781 1214 870 scripturis
1236 795 1327 869 post-

233 893 350 960 habitis
370 892 526 978 receperit
547 887 708 974 speciosas
729 889 786 953 sed
817 888 914 952 falsas
946 885 1155 963 coniecturas,
1190 885 1328 968 quaein

233 994 342 1060 codice
362 993 581 1059 Ambrosiano
600 986 762 1072 leguntur.
804 988 902 1052 Adde
924 985 1012 1070 qnod
1033 987 1085 1050 ille
1106 983 1193 1050 haud
1214 985 1327 1070 paucis

233 1095 313 1159 locis
334 1095 466 1159 licenter
494 1089 599 1174 magis
629 1109 727 1170 quam
755 1088 933 1173 prudenter
964 1087 1109 1152 admovit
1140 1086 1250 1150 critica
1274 1107 1328 1149 re·

232 1193 348 1258 media.
379 1192 456 1273 Qua
476 1191 517 1254 de
537 1211 572 1280 re
593 1209 668 1252 cum
684 1199 716 1252 et
730 1184 769 1254 L.
784 1187 964 1252 Muellerus
986 1187 1102 1251 dixerit
1122 1186 1210 1250 Mus.
1225 1185 1330 1252 Rhen.

233 1303 311 1356 tom.
322 1291 426 1368 XXI,
440 1313 473 1376 p.
487 1292 549 1356 455
564 1311 634 1374 sqq.
650 1298 683 1352 et
696 1310 758 1374 ego
772 1288 978 1374 exposuerim
993 1285 1174 1356 accuratius
1189 1284 1327 1368 Ephem.

233 1414 343 1476 gymn.
365 1393 480 1458 Austr.
504 1403 579 1455 tom.
593 1389 697 1466 XIX,
717 1412 750 1473 p.
772 1391 810 1453 81
832 1411 913 1472 sqq,
936 1389 1030 1470 plura
1050 1385 1111 1450 hoc
1132 1386 1202 1452 loco
1225 1384 1330 1448 dicere

234 1491 450 1576 supersedeo,
483 1491 523 1554 Id
550 1510 652 1554 unum
681 1487 860 1552 addiderim
892 1487 1099 1572 Maehlyum,
1132 1505 1331 1568 quamquam

237 1611 337 1674 opera
357 1590 427 1654 eius
447 1590 481 1654 in
512 1589 700 1654 universnm
721 1587 880 1672 spectanti
911 1587 1000 1654 haud
1031 1585 1145 1650 leniter
1173 1596 1223 1649 cst
1243 1584 1330 1648 vitu·

236 1689 387 1772 peranda,
408 1700 514 1754 tamen
535 1689 718 1773 complures
739 1688 827 1752 locos
848 1687 982 1752 feliciter
996 1684 1214 1752 emendavisse
1233 1696 1331 1767 atque

235 1789 396 1853 interdum
417 1790 525 1874 ipsum
544 1789 581 1851 id
602 1789 692 1872 quod
712 1788 896 1852 coniectura
913 1788 1082 1852 invenerat
1103 1785 1330 1850 Rothmalerus

235 1900 418 1955 assecutum
440 1912 519 1955 esse.
561 1884 715 1971 Denique
736 1886 777 1953 L.
798 1887 977 1953 Muellerus
1003 1885 1037 1952 in
1059 1905 1195 1952 censura
1215 1884 1330 1948 editio-

236 1991 284 2052 nis
299 1989 524 2074 blaehlyanae,
546 2011 645 2072 quam
665 1988 763 2052 modo
783 1988 1116 2063 commemoravimus,
1139 1985 1217 2050 alios
1234 1980 1331 2050 huius

235 2090 388 2153 carminis
419 2090 509 2152 locos
548 2087 758 2171 probabiliter
789 2087 947 2163 restituit,
986 2085 1065 2150 alios
1093 2094 1131 2150 ut
1158 2096 1208 2148 est
1234 2084 1331 2148 homo

234 2187 357 2250 multae
379 2209 418 2249 ao
437 2187 546 2248 variae
567 2185 713 2250 lectionis
726 2184 805 2248 locis
820 2184 979 2250 similibus
995 2184 1098 2248 allatis
1112 2183 1241 2269 egregie
1256 2183 1330 2246 illu·

237 2286 361 2351 stravit.
389 2285 460 2349 Iam
483 2307 559 2350 vero
579 2307 654 2348 cum
669 2295 702 2348 et
722 2284 791 2370 ipse
806 2284 894 2348 haud
908 2277 1022 2369 pauca,
1044 2305 1126 2368 quae
1148 2283 1189 2346 ad
1204 2305 1332 2348 carmen

236 2387 472 2453 emendandum
487 2395 585 2470 atque
604 2385 831 2451 illustrandum
854 2385 1044 2462 conferrent,
1065 2383 1269 2459 invenissem,
1292 2381 1332 2446 de

235 2486 356 2569 quibus
377 2508 496 2570 magna
516 2509 557 2551 ex
577 2497 669 2572 parte
690 2487 823 2552 uberius
852 2485 988 2571 exposui
1018 2485 1052 2549 in
1077 2507 1214 2551 censura
1233 2482 1332 2548 libelli

235 2586 432 2671 Machlyani,
445 2588 713 2672 operaepretium
724 2610 776 2652 me
787 2588 950 2652 facturum
965 2607 1034 2650 esse
1048 2585 1171 2670 putavi,
1186 2585 1213 2649 si
1228 2594 1331 2647 totum

236 2707 365 2751 carmen
386 2687 493 2751 denuo
509 2687 594 2772 typis
614 2687 861 2752 describendum
881 2685 1076 2750 curavissem
1102 2707 1199 2768 quam
1222 2705 1330 2746 emen-

237 2785 400 2850 datissime
429 2809 467 2850 ac
488 2787 726 2872 prolegomenis
753 2786 988 2850 instruxissem.
1033 2784 1127 2868 Quae
1149 2807 1199 2848 res
1221 2794 1331 2850 utrum

236 2884 317 2948 mihi
337 2907 490 2969 prospere
511 2909 552 2950 an
574 2909 666 2952 secus
687 2888 827 2963 cesserit,
854 2907 953 2972 penes
974 2885 1053 2952 alios
1075 2897 1143 2950 esto
1164 2883 1329 2950 iudicium.

336 2984 380 3049 Π.
406 2985 586 3070 Postquam
607 2988 647 3052 de
660 2987 833 3053 ‘codicibus
855 2987 1007 3070 curisque
1027 2986 1195 3051 hominum
1218 2986 1331 3051 docto-

237 3107 312 3149 rum
325 3085 359 3148 in
374 3082 500 3150 Orestis
522 3089 687 3172 tragoedia
705 3089 756 3152 vel
777 3088 977 3152 emendanda
997 3088 1048 3152 vel
1068 3084 1258 3151 illustranda
1271 3106 1331 3168 po-

239 3185 310 3249 sitis
333 3208 416 3269 quae
437 3187 568 3252 adrem
589 3187 713 3250 iaciunt
733 3187 974 3272 explicavimus,
994 3187 1059 3252 iam
1082 3187 1122 3250 de
1143 3193 1332 3268 argumento

237 3286 335 3352 huius
350 3287 501 3352 carminis
515 3287 658 3353 breviter
677 3299 806 3373 oportet
826 3309 1034 3373 exponamus.
1069 3287 1212 3350 Enarrat
1225 3294 1332 3349 autem

238 3397 336 3470 poeta
356 3387 485 3453 easdem
505 3389 573 3453 fere
593 3410 655 3466 res,
678 3411 761 3472 quae
776 3387 907 3454 Orestia
925 3387 1101 3472 Aeschylia
1121 3383 1333 3462 continentur,

239 3487 370 3550 caedem
390 3486 657 3574 Agamemnonis,
684 3511 806 3574 poenas
829 3498 971 3553 amatre
993 3485 1217 3572 Aegisthoqne
1239 3510 1332 3572 repe-

239 3586 315 3650 titas
343 3609 403 3670 per
431 3586 580 3654 Orestem
609 3589 729 3668 fllium,
758 3590 896 3674 deniqne
922 3585 1078 3654 iudicium
1107 3589 1147 3654 de
1168 3587 1335 3652 matricida

240 3685 380 3750 Athenis
400 3687 529 3755 factum.
573 3689 685 3771 Quam
704 3713 772 3756 rem
795 3693 842 3757 ita
863 3699 995 3765 tractat,
1018 3700 1055 3754 ut
1075 3688 1250 3755 narrationi
1271 3686 1333 3771 ipsi

240 3785 371 3871 longius
392 3800 569 3871 praeponat
588 3793 801 3875 prooemium,
824 3813 890 3875 quo
912 3790 1022 3854 multis
1044 3789 1192 3876 ampullis
1215 3798 1247 3852 et
1264 3809 1332 3852 ses·

240 3885 466 3971 qnipedalibus
481 3888 588 3954 verbis
601 3913 681 3956 nsns
696 3901 923 3976 argumentum
945 3891 1094 3958 carminis
1116 3888 1256 3974 explieat
1267 3909 1333 3952 non

240 4007 356 4050 curans
385 3987 521 4063 scilicet,
552 3989 631 4071 quid
653 3991 788 4074 dignum
810 3999 898 4055 tanto
919 3991 1002 4056 ierat
1029 3989 1206 4077 promissor
1233 3987 1333 4054 hiatu.

241 4086 369 4150 Deinde
382 4109 448 4150 non
462 4087 640 4172 Calliopen,
663 4090 721 4154 sed
738 4090 965 4176 Melpomenen
985 4092 1114 4156 invocat
1134 4098 1231 4170 atque
1254 4099 1333 4163 orat,

241 4197 280 4250 ut
306 4187 436 4270 tragicis
460 4187 635 4254 demandat
658 4189 825 4256 cothurnis
854 4213 891 4256 ao
916 4189 1025 4256 divino
1050 4188 1165 4276 spiritu
1193 4202 1333 4254 mentem
