3300 5042
579 1801 998 1926 Prclcgcmeua.

688 2036 690 2041 ,
711 2027 860 2038 *uu—m

316 2187 364 2251 ,Ι.
396 2185 544 2250 Libellus
566 2184 623 2268 qui
642 2183 830 2249 inscribitur
849 2183 985 2250 ‘Orestis
1008 2185 1180 2271 tragoedia’
1203 2187 1332 2254 duobus

241 2285 298 2370 qui
319 2284 542 2350 nobis'adhuc
560 2295 689 2370 praesto
711 2294 787 2348 sunt
812 2284 976 2352 codicibus
997 2309 1095 2353 mauu
1117 2287 1244 2374 scriptis
1266 2299 1331 2354 tra·

240 2385 329 2450 ditus
350 2396 477 2450 estnec
498 2395 601 2450 aetate
622 2407 681 2449 nec
701 2384 806 2470 pretio
827 2385 969 2472 paribus.
1012 2385 1161 2469 Quorum
1183 2387 1264 2452 alter
1284 2401 1334 2454 est

239 2485 411 2551 Beruensis
429 2483 530 2569 (45),
561 2485 639 2550 olim
667 2484 925 2570 Bongarsianus,
958 2486 1236 2569 membranaceus,
1267 2511 1332 2572 quo

239 2595 366 2670 praeter
387 2584 538 2651 Orestem
559 2586 741 2651 continetur
761 2585 889 2652 Lucani
909 2586 1088 2664 Pharsalia,
1115 2586 1254 2671 scriptus
1279 2588 1334 2652 illc

240 2696 278 2748 ut
297 2684 402 2750 visum
431 2697 481 2751 est
510 2685 647 2751 Sinncrc
676 2683 796 2767 (codd.
817 2686 887 2750 latt.
910 2710 985 2751 mss.
1008 2685 1085 2752 bibl.
1107 2685 1280 2752 Beruensis
1300 2711 1332 2772 p.

240 2785 317 2869 507)
339 2785 466 2852 saeculo
487 2808 583 2862 ncnc,
605 2796 643 2849 ut
664 2783 703 2851 C.
725 2783 768 2851 G.
791 2785 950 2851 Muellerc
973 2777 1101 2850 sieoulo
1122 2785 1253 2850 demum
1275 2786 1331 2850 de·
1377 2797 1380 2804 '

241 2885 334 2959 cimc,
349 2886 443 2949 *alter
458 2883 696 2950 Ambrosianus
713 2883 829 2969 (OM)
851 2884 1036 2950 chartaceus
1059 2883 1186 2950 saeculo
1208 2885 1334 2954 decimo

241 2982 355 3067 quinto
375 2994 535 3066 exaratus,
557 2985 647 3051 v'aria
666 2997 794 3070 praeter
819 3009 858 3051 ea
879 2985 1026 3071 Vergilii,
1050 2983 1229 3063 Claudiani,
1253 2985 1328 3052 Cal-

239 3083 358 3168 purnii,
379 3083 564 3151 Nemesiaui
585 3085 728 3152 carmina
740 3086 905 3152 continens
920 3086 987 3152 sive
1002 3085 1143 3172 genuina
1164 3085 1232 3152 sive
1252 3085 1333 3150 sub-

240 3182 358 3250 diticia.
399 3184 455 3251 Ex
474 3184 530 3248 illo
551 3185 652 3268 igitur
672 3183 798 3250 Orestis
825 3185 1022 3270 tragoediam
1045 3186 1214 3272 descripsit
1235 3183 1272 3250 C.
1289 3185 1333 3252 G.

239 3283 419 3350 Muellerus
440 3306 523 3351 auno
546 3286 637 3360 1834,
664 3285 760 3361 hunc,
792 3296 967 3369 postquam
993 3285 1041 3352 Μ.
1062 3281 1219 3352 Horisius
1248 3308 1332 3353 anno

241 3386 319 3446 1847
342 3397 467 3469 partem
489 3385 639 3450 carminis
660 3385 695 3450 in
716 3407 812 3451 usum
825 3385 977 3452 Muelleri
999 3384 1161 3470 excripsit,
1182 3383 1221 3450 R.
1241 3384 1331 3452 Her·

239 3483 355 3548 charus
375 3508 463 3550 auno
481 3488 563 3552 1854
577 3486 683 3552 denuc
698 3487 893 3554 examinavit
914 3497 1083 3569 totumque
1104 3505 1234 3552 carmen
1255 3509 1330 3552 cum

240 3583 391 3649 Muelleri
411 3585 585 3670 exemplari
606 3586 741 3652 contulit
768 3587 1015 3652 accuratissime.
1058 3583 1173 3670 Neque
1193 3607 1270 3650 vero
1292 3586 1332 3650 iis

241 3693 368 3746 tantum
391 3704 471 3765 quos
492 3687 589 3752 modo
610 3685 846 3753 nominavimus
867 3687 958 3752 libris
981 3707 1108 3781 carmen
1124 3686 1163 3751 de
1179 3709 1244 3772 quo
1264 3685 1331 3770 agi*

240 3806 314 3849 mus
336 3781 490 3847 traditum
511 3797 568 3861 est,
597 3786 655 3851 sed
681 3786 761 3853 alios
781 3787 879 3851 etiam
901 3786 969 3852 eius
991 3785 1079 3852 modi
1100 3785 1226 3852 codices
1248 3783 1330 3848 exti-

240 3885 317 3948 tisse
338 3883 414 3948 olim
437 3882 487 3946 vel
508 3884 603 3950 etiam
624 3909 712 3950 nunc
732 3896 841 3952 extare
863 3897 1063 3970 compertum
1078 3884 1242 3950 habemus.
1276 3882 1331 3950 Sic

238 3985 387 4069 Angelus
410 3983 518 4048 Maius
545 3984 578 4047 in
604 3986 778 4069 Spicilegio
799 3985 946 4051 Romano
969 3985 1061 4060 (tom.
1083 3984 1111 4062 I,
1132 4008 1163 4069 p.
1185 3982 1331 4068 XXIII)

239 4085 280 4148 (le
300 4085 410 4150 codice
432 4083 574 4167 quodam
593 4083 877 4150 iuTranssilvania
897 4085 1027 4152 invento
1048 4083 1242 4150 mentionem
1256 4083 1333 4151 facit

239 4185 348 4250 (licens
368 4186 403 4251 in
430 4183 546 4250 Diaric
576 4183 747 4250 doctorum
774 4183 886 4252 Italiae
919 4185 1013 4261 (tom.
1031 4183 1086 4260 X.
1101 4206 1133 4268 p.
1154 4184 1232 4269 402)
1252 4183 1331 4250 haec
