3300 5042
751 600 792 663 23

314 799 440 882 Quibus
470 798 626 886 expositis
658 798 695 862 id
713 821 816 864 unum
837 808 945 874 restat,
975 808 1013 862 ut
1035 797 1075 862 de
1097 798 1246 864 carminis
1267 794 1319 863 in-

232 901 412 987 scriptione,
444 922 528 985 quae
562 899 669 984 prima
703 899 809 983 specie
844 921 919 964 sane
944 897 1139 963 admirabilis
1167 897 1324 976 videatua

232 1001 389 1086 quaedam
410 1001 596 1064 adiciamus.
617 998 716 1063 Patet
735 1009 844 1062 autem
864 999 925 1063 hac
939 997 978 1062 in
998 1021 1034 1062 re
1056 999 1116 1062 soli
1136 997 1323 1064 libroBer-

231 1104 330 1179 nensi,
350 1102 386 1165 in
407 1123 472 1185 quo
493 1100 556 1163 hoc
576 1119 704 1165 carmen
725 1099 915 1184 inscriptum
936 1108 985 1163 est
1007 1101 1130 1162 Orestis
1151 1099 1324 1182 tragoedia,

230 1202 327 1268 fidem
348 1200 530 1265 habendam
550 1221 628 1276 esse,
656 1199 735 1263 nihil
755 1213 864 1264 autem
885 1199 1093 1266 tribuendum
1115 1199 1218 1264 codici
1238 1200 1322 1265 Am-

231 1301 394 1375 brosiam,
428 1299 487 1363 ubi
517 1299 675 1364 vocabulo
705 1300 875 1364 immutato
902 1299 1021 1384 leg'tur
1050 1301 1171 1362 Orestia
1195 1301 1324 1382 sabulo,

231 1403 285 1468 vel
304 1402 346 1467 L.
367 1399 536 1476 Muellero,
570 1399 627 1483 qui
657 1399 738 1464 nihil
766 1399 853 1464 aliud
880 1400 942 1464 nisi
965 1402 1103 1464 Orestas
1131 1400 1172 1465 ab
1194 1410 1325 1466 auctore

233 1503 417 1588 profectum
449 1521 518 1564 essa
548 1498 730 1576 contendat,
753 1500 875 1562 Orestia
906 1501 1104 1594 tragoediam
1128 1521 1207 1566 vero
1227 1500 1323 1565 libra·

234 1601 286 1668 rio
310 1601 438 1666 cuidam
459 1600 567 1665 deberi
585 1600 634 1684 ¹³).
655 1599 761 1664 Immo
782 1599 983 1664 verissimam
1004 1621 1074 1664 esse
1093 1600 1181 1665 illam
1194 1600 1229 1664 in
1242 1601 1325 1666 libro

233 1701 456 1785 Bongarsiano
475 1699 717 1785 inscriptionem
738 1697 832 1764 docet
852 1699 1075 1784 Melpomenes
1100 1699 1212 1766 musae
1231 1700 1325 1765 invo-

235 1800 319 1865 catio
341 1800 385 1876 (v.
407 1801 447 1864 13
468 1798 542 1885 sq.);
581 1821 665 1884 quae
701 1799 726 1864 si
754 1799 943 1884 probaveris
965 1800 1116 1866 Muelleri
1138 1800 1327 1866 sententiam

233 1899 324 1964 nullo
347 1899 445 1964 modo
472 1909 582 1984 potest
609 1898 772 1983 explicari,
805 1908 934 1963 servata
963 1910 1071 1966 autem
1104 1901 1222 1966 codicis
1243 1899 1326 1964 Ber·

232 2000 341 2064 nensis
363 1999 524 2084 scriptura
541 1998 669 2064 facilem
689 1997 788 2064 habet
807 1999 1061 2083 explicationem.
1100 2001 1231 2066 Etenim
1253 2022 1327 2074 cum

231 2110 330 2186 poeta
355 2098 611 2182 Agamemnonis
642 2097 772 2162 caedem
806 2098 1026 2182 ultionemque
1057 2101 1184 2165 sceleris
1216 2100 1327 2166 afilia

234 2208 382 2264 exactam
413 2197 554 2261 carmine
586 2196 677 2282 epico
709 2197 889 2262 describere
916 2199 1142 2277 constituisset,
1172 2199 1329 2268 intellexit

235 2306 463 2383 argumentum
496 2296 577 2362 illud
611 2321 631 2361 a
665 2297 797 2384 tragicis
826 2299 999 2385 praecipue
1030 2299 1134 2385 poetis
1156 2309 1328 2366 tractatum

235 2419 315 2464 esse.
357 2397 501 2482 Legerat
520 2398 607 2462 enim
626 2396 690 2476 ille,
721 2408 881 2484 utsupra
910 2399 1060 2478 vidimus,
1084 2399 1223 2467 Senecae
1245 2423 1329 2486 quae

235 2499 389 2562 feruntur
420 2497 601 2583 tragoedias
636 2508 734 2582 atque
764 2497 843 2562 alias
876 2521 1006 2583 quoque
1038 2501 1105 2565 sine
1139 2500 1238 2566 dubio
1259 2501 1328 2566 eius

236 2597 325 2662 modi
345 2597 472 2664 fabulas
493 2597 605 2662 eadem
626 2607 729 2662 aetate
751 2599 958 2684 conscriptas,
980 2600 1114 2664 fortasse
1136 2601 1233 2664 etiam
1242 2596 1328 2665 Attii

234 2697 431 2782 Aegisthum
451 2708 486 2762 et
505 2696 795 2783 Clytaemestram
815 2719 854 2761 ao
876 2719 941 2781 qua
962 2697 1001 2762 de
1021 2721 1057 2762 re
1078 2699 1181 2783 magis
1201 2699 1330 2764 videtur

237 2797 455 2862 dubitandum
476 2819 556 2874 esse,
588 2797 732 2862 eiusdem
763 2797 945 2881 argumenti
965 2797 1090 2862 fabulas
1112 2798 1152 2863 ab
1166 2799 1328 2886 Aeschylo

238 2895 398 2980 Sophocle
431 2896 591 2979 Euripide
626 2896 780 2962 conditas.
831 2893 925 2978 Quae
960 2918 1034 2962 curn
1068 2898 1115 2964 ita
1148 2909 1264 2976 essent,
1296 2911 1330 2966 et

238 3016 370 3060 carmen
391 3017 487 3059 suum
512 2995 676 3080 inscripsit
697 2998 818 3060 Orestia
839 2997 1038 3078 trupoeds'am
1069 3009 1103 3062 et
1130 2997 1222 3064 initio
1242 2999 1327 3064 Mel·-

237 3117 399 3181 pomenen
430 3096 578 3171 mnsam‚'
602 3117 669 3158 non
695 3104 734 3158 ut
771 3097 877 3162 solent
910 3097 1128 3182 poetae'epici
1145 3097 1330 3183 ‚Calliopen

237 3195 401 3259 invocavit
420 3195 472 3260 his
492 3195 600 3260 verbis
620 3217 710 3271 usus,
732 3196 852 3279 quibus
881 3195 962 3262 satis
987 3198 1103 3282 opinor
1122 3197 1330 3266 confirmatur

237 3295 460 3381 interpretatio
481 3306 611 3360 nostra:
1141 3324 1144 3333 ·
1168 3295 1171 3304 ’

279 3394 327 3460 'le
347 3419 438 3481 rogo,
458 3395 675 3481 Melpomene
697 3395 857 3481 tragicis
879 3396 1065 3464 descende
1086 3393 1288 3467 cothurnis

279 3506 313 3560 et
332 3497 415 3580 pede
435 3496 594 3583 dactylico
613 3507 784 3562 resonante
805 3497 951 3580 quiescat
969 3497 1106 3562 iambus.

323 3793 387 3859 HL
410 3793 563 3860 Venimus
582 3795 648 3862 iam
669 3795 712 3860 ad
725 3804 936 3880 campartem
951 3794 1176 3881 disputationis
1190 3805 1328 3875 nostrae,

238 3896 273 3961 in
309 3917 376 3980 qna
410 3893 450 3958 de
485 3904 629 3979 tempore
665 3918 731 3980 quo
766 3895 922 3979 scriptum
944 3895 1067 3962 sithoc
1088 3911 1215 3962 carmen
1234 3893 1329 3964 nobis

239 3995 420 4062 accuratius
441 3993 603 4079 agendum
623 4005 681 4061 est.
723 3994 764 4058 Id
784 4003 902 4073 autem,
928 4017 1003 4064 cum
1030 3995 1111 4063 nihil
1131 3996 1328 4065 extrinsecus

238 4153 435 4166 *-

343 4220 377 4288 ¹¹)
394 4237 420 4289 p.
437 4222 495 4277 465.
