3300 5042
683 596 811 659 ·37

246 795 345 863 nibus
376 793 575 862 admiserunt
596 791 735 861 Ovidius
772 803 804 858 et
824 793 998 878 Vergilius.
1041 791 1110 857 Nec
1137 791 1212 878 plus
1241 813 1339 876 quam

247 895 421 983 quinquies
444 896 508 978 (vv.
531 895 603 970 331,
625 894 697 970 537,
720 894 791 971 768,
812 893 884 970 897,
906 893 981 975 916)
1003 889 1085 958 duae
1106 891 1140 956 in
1160 915 1225 963 uno
1240 915 1338 963 versu

247 994 410 1060 adhibitae
439 1005 514 1060 sunt
546 993 707 1080 synizeses
735 993 769 1057 in
791 991 916 1059 Orestis
938 991 1112 1078 tragoedia,
1137 992 1171 1056 id
1193 991 1282 1076 quod
1301 993 1335 1061 in

247 1093 477 1172 voluminibus,
499 1115 583 1178 quae
604 1115 704 1179 supra
724 1093 1056 1169 commemoravimus,
1077 1091 1242 1178 Vergilius
1262 1092 1339 1157 10011

247 1194 561 1280 duodequadragies,
581 1193 678 1258 vicies
700 1191 849 1259 Ovidius.
873 1191 963 1274 Quid
984 1191 1073 1277 quod
1093 1191 1258 1276 Vergilius
1279 1191 1340 1272 bis,

248 1293 390 1360 Ovidius
411 1294 510 1359 semel
530 1304 595 1360 tres
617 1293 770 1361 eliserunt
803 1293 837 1358 10
866 1316 931 1359 uno
964 1315 1061 1358 versu
1082 1293 1219 1369 vocales,
1248 1291 1341 1356 cuius

248 1394 297 1460 rei
332 1393 459 1463 nullum
493 1393 601 1459 inveni
643 1391 704 1458 hoc
741 1392 776 1458 iu
812 1392 952 1459 carmine
998 1392 1190 1478 exemplum.
1247 1389 1341 1477 Quae

251 1494 361 1560 omnia
381 1493 458 1558 item
486 1516 545 1558 nos
567 1492 683 1560 docent
710 1504 875 1560 auctorem
901 1491 1026 1558 Orestis
1047 1491 1206 1557 inferioris
1228 1491 1340 1556 aetatis

252 1588 464 1683 scriptoribus
506 1594 783 1674 annumerandum
826 1615 904 1657 esse.
961 1589 1098 1659 Constat
1143 1591 1228 1659 enim
1275 1611 1342 1685 quo

248 1695 409 1760 recentius
451 1694 493 1760 sit
526 1715 652 1782 poema,
702 1716 741 1758 eo
779 1693 916 1761 rariores
958 1680 1091 1778 reperiri
1125 1691 1159 1756 iu
1193 1691 1247 1758 illo
1284 1714 1339 1776 sy·

248 1796 384 1872 0100000,
406 1817 487 1878 quas
515 1804 555 1858 ut
587 1791 628 1857 L.
663 1792 814 1859 Muelleri
856 1791 962 1858 verbis
998 1802 1073 1856 utar
1106 1801 1220 1877 poetae
1251 1791 1338 1855 illius

252 1895 365 1961 aetatis
394 1893 460 1961 acri
491 1891 653 1983 persecuti
684 1903 761 1958 sunt
787 1892 872 1958 odio.
914 1891 1040 1959 Verum
1069 1913 1134 1978 quo
1161 1891 1341 1985 accuratius

254 2016 431 2080 cognoscas
466 1993 609 2078 singulas
639 1992 810 2069 elisionum
845 1991 999 2070 rationes,
1045 1992 1090 2056 eis
1127 2013 1209 2078 quae
1244 1988 1341 2061 modo'

252 2093 390 2180 exposui
426 2092 609 2157 addendum
637 2103 687 2157 est
715 2091 755 2156 de
786 2091 972 2161 elisionibus
1000 2091 1150 2160 ¹brevium
1182 2091 1342 2157 vocalium

252 2216 318 2258 non
349 2191 457 2256 minus
493 2214 592 2278 quam
623 2191 762 2258 sedecim
790 2192 904 2258 cadere
931 2192 965 2256 in
991 2191 1166 2278 particulas
1200 2213 1255 2276 que
1280 2194 1342 2282 vel

249 2302 351 2376 atque,
385 2293 529 2378 quinque
565 2289 644 2360 locis
675 2291 810 2383 reperiri
853 2293 946 2358 elisas
981 2293 1107 2358 vocales
1139 2293 1155 2358 ἒ
1186 2292 1238 2358 vel
1265 2287 1342 2360 siin

249 2417 347 2462 versu
367 2403 512 2457 extremo
543 2404 617 2458 ante
644 2393 791 2459 voculam
820 2401 866 2456 est
896 2393 963 2478 (vv.
986 2394 1057 2470 209,
1084 2394 1155 2471 215,
1178 2395 1248 2470 666,
1270 2396 1341 2471 768,

250 2497 321 2571 921,
344 2493 400 2559 cfr.
423 2518 453 2559 v.
475 2493 561 2577 466),
593 2516 659 2560 uno
691 2493 761 2574 loco
783 2493 927 2559 vocalem
948 2493 963 2557 i
982 2517 1041 2581 per
1062 2493 1241 2580 synizesem
1263 2517 1340 2560 con·

247 2593 391 2661 iunctam
399 2616 551 2660 essecum
559 2593 706 2680 sequenti
715 2595 758 2674 (v.
767 2593 852 2675 618).
863 2592 1054 2676 Longarum
1065 2603 1173 2657 autem
1181 2593 1341 2663 vocalium

248 2695 342 2760 elisas
364 2693 512 2760 adhibuit
532 2694 669 2780 scriptor
690 2704 739 2757 ter
760 2693 791 2771 ἂ,
812 2692 862 2759 bis
886 2699 913 2770 ὀ,
934 2692 984 2758 bis
1003 2692 1030 2770 ἓ,
1053 2701 1168 2776 quater
1187 2688 1210 2770 i,
1233 2702 1341 2772 teras,

249 2794 316 2878 (vv.
337 2797 388 2877 38,
410 2796 460 2871 80,
483 2795 546 2876 97).
587 2793 740 2878 Denique
761 2792 849 2858 haud
883 2791 1052 2878 indignum
1075 2800 1125 2858 est
1145 2815 1341 2860 commemo-

246 2895 373 2960 ratione
394 2895 522 2980 saepius
536 2894 571 2968 10
584 2893 748 2960 vocabulis
770 2891 997 2980 monosyllabis
1020 2892 1112 2984 elisas
1126 2915 1196 2958 esse
1205 2893 1341 2982 vocales,

247 2993 342 3060 cuius
362 2995 410 3061 rei
431 3006 508 3060 sunt
538 2995 685 3080 exempla
712 3017 769 3071 me,
798 3003 826 3057 te
848 2997 911 3077 (vv.
934 2994 1005 3072 571,
1027 2996 1113 3078 745),
1137 2995 1167 3058 01
1188 2995 1232 3080 (v.
1255 2997 1342 3078 916),

248 3095 302 3178 qui
337 3096 381 3180 (v.
414 3095 501 3177 338),
536 3115 611 3178 qaae
647 3104 692 3180 tv.
723 3097 792 3178 38),
824 3117 912 3172 uum,
944 3096 1030 3178 dum,
1062 3114 1156 3180 qaam
1184 3097 1248 3180 (vv.
1270 3097 1342 3176 360,

249 3197 322 3273 745,
344 3196 429 3281 694).

329 3394 432 3462 Vides
452 3396 519 3462 iam
539 3395 738 3482 scriptorem,
768 3418 965 3482 quamquam
994 3406 1105 3484 aperta
1132 3403 1207 3460 sunt
1226 3393 1288 3462 hoc
1308 3395 1342 3462 10

247 3493 355 3561 1160110
377 3497 423 3562 rei
443 3497 594 3564 metricae
615 3494 800 3581 inquinatae
820 3497 947 3581 indicia,
970 3507 1077 3561 tamen
1097 3518 1162 3561 non
1184 3495 1213 3562 ei
1234 3497 1341 3563 indul·

251 3594 330 3658 sisse
350 3593 504 3676 licentiae,
539 3620 604 3682 qua
628 3599 820 3684 plerumque
841 3596 978 3686 grassati
1001 3607 1075 3661 sunt
1095 3607 1208 3684 poetae
1229 3620 1341 3663 recen·

251 3691 374 3757 tissimi.
418 3693 507 3777 Quid
528 3699 618 3788 quod
636 3697 689 3763 1110
710 3699 820 3783 aliqua
846 3698 943 3763 ctiam
969 3697 1064 3765 laude
1093 3697 1210 3784 dignus
1231 3697 1341 3762 videa·

252 3801 315 3869 tur,
347 3791 374 3859 si
403 3792 626 3878 rhythmorum
654 3798 715 3864 hoc
746 3798 780 3863 in
815 3796 956 3862 carmine
988 3798 1143 3863 rationem
1178 3795 1340 3861 habueris.

250 3891 365 3957 Nullas
398 3892 483 3957 enim
518 3895 664 3962 adhibuit
696 3919 844 3961 caesuras
880 3895 940 3962 nisi
962 3906 1026 3962 tres
1055 3897 1135 3974 illas,
1165 3895 1282 3980 quibus
1305 3907 1342 3962 ut

251 3993 496 4078 elegantissimis
527 4007 638 4080 poetas
666 3998 806 4062 maxime
835 4019 911 4062 usos
933 4019 1001 4063 esse
1031 3995 1340 4082 0000010000(Ῑηὶ-

250 4093 374 4160 nariam
406 4094 477 4160 dico
510 4105 542 4160 et
577 4096 869 4184 semiseptenariam
900 4107 957 4162 aut
992 4121 1066 4163 cum
1097 4095 1342 4182 penthemimeri

252 4205 309 4260 aut
343 4217 417 4261 cum
449 4192 671 4262 trithemimeri
709 4196 911 4264 coniunctam
943 4199 1012 4280 (cfr.
1044 4197 1084 4262 L.
1119 4197 1166 4264 M.
1195 4220 1225 4283 p.
1257 4199 1341 4284 198).
