3300 5042
859 563 876 623 2

319 760 398 845 legi:
430 758 568 844 ‘Angelo
589 758 747 843 Vergerio
775 759 817 824 da
844 759 973 826 Retimo
1002 759 1034 824 di
1063 760 1187 826 Gaudia
1214 762 1331 827 mando
1351 787 1412 828 con

319 860 499 945 impostura
520 858 722 925 alSabellico
743 883 808 924 una
830 860 974 946 tragedia
984 860 1082 924 latina
1094 861 1253 927 intitolata
1268 861 1412 940 Orestes,

320 983 411 1025 come
432 960 542 1026 lavoro
564 960 597 1024 di
618 983 713 1025 mano
736 960 841 1024 antica
856 972 981 1025 trovato
996 961 1049 1046 git
1065 963 1105 1026 60
1119 962 1193 1026 anni
1208 963 1291 1027 nella
1304 964 1412 1029 Tran-

320 1059 453 1124 silvania
481 1070 531 1124 tra
559 1059 664 1124 alcuni
693 1059 794 1124 scritti
823 1060 1032 1125 antichissimi
1058 1061 1090 1126 di
1111 1061 1256 1126 Romani.
1298 1063 1328 1128 Il
1350 1064 1412 1132 Sa-

318 1160 443 1238 bellioo,
471 1183 568 1227 uomo
591 1159 624 1222 di
644 1169 739 1224 acuto
761 1160 904 1236 odorato,
934 1160 1074 1226 esaminb
1100 1161 1164 1226 ben
1183 1162 1264 1227 bene
1285 1164 1316 1228 la
1337 1187 1415 1229 cosa

320 1284 337 1324 e
358 1260 414 1346 poi
433 1260 584 1326 rescrisse
605 1260 636 1323 al
656 1259 816 1344 Vergerio
838 1259 872 1323 in
894 1259 937 1323 tal
959 1259 1068 1344 guisa:
1096 1261 1256 1327 affirmare
1277 1286 1412 1349 possum

320 1370 376 1424 aut
396 1383 437 1425 ex
457 1359 688 1425 recentioribus
710 1360 850 1443 aliquem
872 1359 1014 1424 extitisse
1034 1360 1216 1443 aliquando,
1238 1364 1294 1446 qui
1308 1364 1411 1430 multo
1510 1377 1511 1386 ’

320 1460 454 1526 similior
474 1460 636 1525 veteribus
658 1460 764 1536 fuerit,
787 1483 885 1544 quam
907 1459 945 1524 iis
967 1482 1041 1525 cum
1063 1460 1181 1543 quibus
1202 1462 1291 1539 vixit,
1313 1475 1369 1527 aut
1384 1464 1411 1527 si

319 1561 500 1646 priscorum
521 1584 606 1627 unus
627 1561 698 1637 fuit,
719 1561 747 1625 is
762 1571 848 1625 certe
863 1559 1029 1624 habendus
1051 1571 1109 1638 est,
1132 1561 1188 1644 qui
1203 1585 1243 1625 ex
1256 1561 1318 1627 hoc
1337 1562 1410 1647 ipso

320 1661 362 1725 sit
381 1661 521 1725 carmine
542 1660 699 1746 poeticem
722 1661 926 1746 auspicatus?
953 1658 1049 1723 Adde
1072 1660 1159 1744 quod
1180 1660 1213 1726 J.
1234 1660 1410 1727 Lelandius

318 1760 353 1823 in
373 1783 469 1846 opere
491 1761 580 1846 quod
602 1761 641 1824 de
663 1751 877 1848 scriptoribus
896 1759 1090 1829 Britannicis
1112 1761 1302 1847 conscripsit
1322 1786 1353 1847 p.
1370 1765 1409 1826 19

319 1883 367 1944 sq.
388 1861 487 1925 refert
507 1884 541 1926 se
563 1856 727 1946 quondam
748 1860 867 1925 vidisse
882 1857 1008 1925 Orestis
1023 1852 1226 1946 ¹tragoediam
1240 1862 1289 1926 his
1305 1863 1409 1928 verbis

319 1984 414 2026 usus:
437 1959 553 2026 ‘Annis
567 1960 684 2026 abhinc
698 1959 801 2025 tribus
823 1971 879 2024 aut
899 1983 937 2025 eo
952 1961 1089 2045 amplius
1105 1962 1244 2026 auctioni
1265 1973 1410 2029 veterum

318 2059 474 2126 librorum
501 2060 641 2126 interfui.
683 2061 749 2126 Hic
777 2083 838 2146 ego
874 2083 939 2125 non
967 2060 1120 2125 carbones
1152 2060 1209 2124 sed
1242 2061 1410 2129 thesauros

317 2161 434 2239 inveni,
455 2183 572 2247 nempe
587 2159 713 2227 Orestis
735 2161 934 2246 tragoediam
956 2157 1170 2244 antiquissimi
1192 2159 1249 2226 sed
1271 2164 1409 2228 auctoris

318 2261 471 2325 hactenus
489 2261 571 2325 mihi
591 2261 704 2325 incerti
723 2261 873 2338 nominis,
895 2283 959 2326 non
974 2261 1118 2326 iambicis
1134 2261 1275 2337 senariis,
1297 2283 1411 2328 verum

319 2361 408 2444 quod
431 2360 640 2426 admiraberis
664 2361 858 2424 hexametris
883 2360 1019 2426 heroicis
1045 2361 1282 2426 accuratissime
1307 2363 1409 2448 scrip-

319 2473 401 2537 tam3
421 2460 607 2526 coniectura
627 2471 753 2525 tantum
774 2471 825 2525 est
838 2481 920 2546 opus
936 2483 954 2524 a
968 2459 1150 2547 Pomponio
1166 2461 1315 2528 Secundo
1330 2485 1408 2527 con-

319 2559 493 2645 scriptum?
508 2584 511 2592 ’
526 2559 603 2643 Qua
622 2561 656 2625 in
669 2583 704 2625 re
719 2560 887 2624 miraberis
908 2562 1052 2646 profecto
1073 2559 1245 2625 ridiculum
1259 2560 1409 2626 Lelandii

318 2683 470 2737 errorem,
490 2658 548 2745 qui
570 2659 642 2725 tale·
654 2683 783 2726 carmen
804 2661 846 2724 ad
867 2657 1085 2744 Pomponium
1100 2659 1285 2726 Secundum
1307 2671 1409 2726 rettu-

273 2764 276 2771 ·
317 2759 399 2836 aar,
431 2761 488 2824 aa
519 2746 666 2825 aaran?
692 2762 846 2826 illumin
878 2761 1072 2826 bibliotheca
1100 2762 1240 2846 quadam
1269 2761 1409 2847 Augure

319 2859 425 2923 adbuc
444 2861 543 2923 latere
563 2861 651 2924 haud
670 2862 789 2925 iniuria
810 2861 957 2926 conicias.

416 2957 493 3026 Jam
514 2981 591 3025 vcro
612 2961 703 3027 libris
728 2963 897 3039 ambobus,
929 2962 1086 3028 Beruensi
1119 2973 1152 3027 et
1181 2963 1408 3039 Ambrosiam,

318 3055 488 3145 diligenter
505 3058 590 3125 inter
611 3083 645 3125 se
659 3059 782 3126 collatis
796 3062 888 3126 facile
903 3073 1037 3148 apparet
1051 3063 1222 3127 Bemensis
1236 3065 1408 3130 maximam

318 3170 416 3244 atque
437 3169 475 3224 ut
494 3159 540 3226 ita
560 3160 665 3226 dicam
686 3162 814 3227 unicam
836 3185 905 3227 esse
926 3163 960 3226 in
974 3162 1081 3228 verbis
1104 3161 1268 3248 scriptoris
1290 3163 1410 3230 consti-

318 3260 445 3324 tuendis
459 3259 691 3327 auctoritatem.
714 3263 845 3329 Etenim
861 3285 1058 3347 quamquam
1069 3263 1242 3329 Bemensis
1252 3263 1292 3328 ab
1304 3263 1410 3328 scriba

317 3359 556 3444 imperitissimo
579 3361 655 3426 satis
677 3363 883 3448 neglegenter
909 3363 1088 3448 descriptus
1118 3364 1227 3429 multis
1256 3373 1288 3428 et
1307 3361 1409 3427 foedis

317 3458 506 3543 inquinatus
525 3472 575 3526 est
593 3461 729 3537 mendis,
751 3483 919 3546 ⁴nusquam
949 3472 1056 3527 tamen
1076 3462 1330 3548 interpolationis
1352 3475 1409 3525 aut

318 3557 524 3624 correctionis
537 3559 634 3627 ullius
648 3561 782 3647 praebet
795 3562 1005 3646 suspitionem
1020 3573 1117 3646 atque
1131 3562 1165 3626 in
1178 3563 1257 3649 ipsis
1273 3583 1405 3646 corrup·

318 3658 390 3723 telis
409 3659 596 3743 saepissime
617 3661 757 3726 servavit
776 3683 871 3726 verae
893 3662 1070 3747 scripturae
1091 3663 1236 3749 vestigia.
1263 3661 1302 3727 In
1324 3664 1409 3726 Am-

318 3758 469 3824 brosiano
484 3757 605 3823 'autem
619 3772 705 3826 recte
726 3762 931 3827 diiudicando
955 3763 1086 3827 maximi
1108 3763 1260 3829 momenti
1288 3773 1336 3826 est
1356 3762 1408 3823 in·-

319 3859 460 3944 scriptio,
492 3879 574 3942 qnae
602 3859 646 3924 ibi
661 3863 801 3926 carmini
822 3861 966 3947 praefixa
986 3874 1035 3927 est
1055 3862 1215 3929 ‘Horestis
1236 3861 1346 3925 fabula
1366 3859 1408 3924 ab

318 3957 420 4023 enoch
440 3958 591 4024 asculano
612 3970 740 4044 reperta
759 3961 902 4048 incipitl'
933 3961 1068 4029 Constat
1098 3963 1197 4048 igitur
1217 3959 1346 4038 librum,
1369 3966 1410 4024 eir

319 4079 386 4141 quo
407 4056 587 4145 descriptus
607 4070 655 4125 est
680 4059 927 4140 Ambrosianus,
956 4075 1119 4149 repertum
1141 4085 1210 4130 esse
1233 4064 1274 4129 ab
1295 4059 1410 4127 Enoch

319 4159 493 4237 Asculano,
515 4161 571 4244 qui
591 4161 683 4226 iussu
705 4161 830 4226 Nicolai
853 4164 957 4247 quinti
978 4162 1136 4249 pontificis
1158 4163 1289 4228 matrimi
1312 4161 1410 4226 libro-
