3300 5042
881 599 922 664 64

496 801 604 888 inpete
624 799 791 866 mortifero
813 799 922 864 subita
943 807 1018 864 tum*
1035 797 1147 864 baudo
1168 799 1313 886 profana.

384 905 446 969 510
499 925 574 967 nam
595 923 655 966 nee
675 901 798 966 inultus
821 918 887 977 ero,
909 900 1018 966 ueniet
1038 899 1088 965 his
1110 921 1215 987 poena
1236 909 1382 964 omenta

498 1002 616 1068 sedne
637 1002 732 1088 plura
752 1001 878 1084 loquar,
901 1017 981 1064 nera
1001 1008 1050 1064 est
1071 1001 1254 1067 Cassandra
1274 998 1399 1078 locuta,

499 1101 618 1166 credite
639 1101 851 1175 Cassandrae,
873 1122 974 1165 uerax
995 1099 1178 1166 Cassandra
1199 1101 1359 1167 sacerdos,

499 1253 581 1318 dixit
601 1262 633 1318 et
653 1251 831 1318 abseedunt
851 1276 961 1318 omnes
982 1253 1157 1338 linquendo
1178 1251 1401 1340 sepulchrum.

499 1354 554 1418 illa
574 1364 667 1417 noete
690 1362 797 1416 tamen
819 1353 957 1418 uolitans
978 1353 1235 1440 Agamemnonis
1257 1351 1378 1420 umbra

500 1452 591 1518 uenit
610 1451 786 1518 Athenaeis
808 1475 885 1520 mox
907 1453 1047 1520 sedibus.
1070 1454 1154 1520 altus
1177 1452 1330 1539 Orestes,

377 1634 381 1644 Ι
498 1554 565 1618 illie
586 1553 707 1640 quippe
727 1553 799 1630 tuit,
820 1576 896 1619 eum
919 1577 984 1640 quo
1005 1553 1145 1640 Pylades
1166 1555 1290 1622 amiens

410 1642 413 1647 ’
500 1653 629 1719 flatibus
651 1653 780 1718 alternis
802 1654 941 1741 perflans
964 1655 1156 1746 commercia
1178 1656 1301 1734 somnip

499 1751 604 1819 lassus
625 1763 763 1838 uterque
783 1754 855 1832 fuit,
878 1777 1054 1821 concussus
1076 1777 1184 1821 amore
1205 1755 1386 1842 palaestrae

502 1865 535 1919 et
555 1855 644 1920 stetit
665 1866 739 1920 ante
760 1864 849 1920 toros
872 1855 1031 1922 ambobus
1053 1856 1144 1922 uisus
1164 1855 1299 1924 Atrides

502 1955 537 2020 in
558 1955 689 2032 somnis,
711 1977 777 2020 non
798 1957 903 2043 qualis
924 1964 993 2022 erat
1013 1968 1088 2044 post
1108 1957 1192 2022 bella
1213 1957 1435 2045 triumphans,

503 2055 570 2128 sed,
582 2056 687 2141 qualis
708 2056 825 2122 cecidit
845 2080 999 2144 pereussa
1019 2059 1130 2125 fronte
1145 2058 1287 2145 bipenni,

504 2158 615 2235 tristis,
637 2157 733 2238 iners,
756 2159 923 2235 tremulus,
945 2161 1070 2244 gemitu
1091 2158 1230 2249 suspiria
1249 2177 1422 2246 rumpens,

502 2257 624 2346 pallida
643 2258 780 2345 puniceo
800 2259 953 2345 perfusus
975 2269 1007 2323 st
1028 2281 1085 2332 ota
1105 2280 1222 2330 eruore

504 2372 537 2424 et
557 2360 711 2427 tremulas
730 2359 888 2446 languore
910 2381 1025 2427 manus
1047 2360 1171 2428 eeniice
1192 2359 1327 2448 uaganti

503 2482 540 2524 aa
553 2459 637 2546 pede
647 2455 755 2524 uincla
769 2455 911 2536 trahens.
932 2459 1050 2543 quibus
1065 2471 1114 2529 est
1123 2460 1306 2529 abstractus
1320 2461 1364 2532 ab
1377 2463 1459 2528 aula.

502 2582 569 2626 non
589 2556 700 2648 pudet,
721 2583 741 2626 ο
761 2559 906 2637 iuuenes,
928 2556 1020 2638 dixit,
1041 2561 1237 2647 pubentibus
1259 2562 1365 2640 annis,

503 2663 639 2730 uestitus
659 2661 721 2730 sub
742 2661 821 2728 flore
842 2685 942 2748 genas
962 2659 1114 2748 lanugine
1134 2663 1262 2750 erispa„

503 2763 681 2850 grandibus
701 2763 877 2830 instructos
900 2760 1015 2831 studiis
1037 2773 1070 2830 et
1089 2763 1227 2830 fontibus
1249 2763 1358 2842 armis,

461 2930 465 2937 ,
506 2862 594 2947 quod
615 2874 726 2948 pastor
746 2886 819 2928 mea
839 2886 939 2948 regna
961 2874 1048 2930 tenet
1067 2875 1236 2950 promotus
1257 2865 1292 2930 in
1312 2866 1447 2932 assem?

505 2962 683 3047 sanguinea
701 2962 848 3028 mercede
871 2963 958 3030 eluat
978 2960 1039 3032 sub
1062 2964 1194 3033 sumine
1214 2965 1317 3032 multe

504 3060 607 3128 laetus
629 3074 662 3127 et
681 3061 868 3139 indomitus,
890 3063 1014 3128 tumida
1035 3064 1160 3131 ceruice
1182 3064 1318 3152 supinus

504 3162 640 3251 prodeat
659 3162 811 3228 infamis?
832 3185 892 3230 uos
913 3162 978 3230 iam
1000 3188 1065 3232 non
1084 3165 1172 3230 fama
1191 3164 1325 3252 perisse,

506 3267 534 3332 si
554 3275 630 3352 peta
651 3263 849 3350 Cecropidas
870 3264 1046 3331 uindictam
1068 3266 1189 3352 sospite
1209 3275 1296 3342 nato,

463 3462 522 3515 509.
540 3466 605 3513 tunc
621 3456 717 3512 fraude
734 3457 768 3510 A.
786 3468 818 3493 ⁴-
835 3457 893 3510 510.
911 3453 984 3511 deest
1000 3459 1031 3511 ta
1047 3459 1080 3512 A.
1097 3479 1131 3498 u-
1148 3461 1177 3512 at
1193 3469 1243 3512 nec
1259 3457 1362 3514 inulas
1379 3455 1418 3512 M.
1428 3481 1460 3498 -=

364 3547 423 3601 tls.
447 3543 582 3598 absedunt
605 3543 637 3597 B.
655 3568 685 3582 —-
703 3539 762 3594 515.
779 3540 911 3594 Atheneis
934 3541 991 3595 BA.
1008 3569 1042 3580 -
1059 3543 1129 3597 alter
1153 3542 1276 3596 horestes
1293 3543 1334 3596 -Α,
1350 3567 1385 3582 -
1402 3542 1459 3597 517.

364 3640 514 3684 commetes
530 3627 562 3681 B.
578 3652 612 3665 —-
628 3628 687 3681 519.
705 3625 795 3679 extitit
811 3629 875 3678 ante
892 3625 926 3679 R.
942 3649 977 3664 -·
993 3625 1115 3681 ambibas
1132 3622 1163 3680 B.
1175 3649 1215 3664 ν-
1231 3628 1289 3680 520.
1313 3631 1376 3694 post
1397 3627 1461 3681 uela

364 3712 397 3769 B.
413 3713 513 3765 -523.
529 3709 621 3778 pallea
632 3710 729 3777 punice
739 3707 980 3776 B.—-perfuderat
995 3708 1068 3778 BA.;
1085 3707 1212 3778 perfusus
1229 3713 1257 3763 et
1268 3706 1306 3763 M.
1318 3711 1413 3764 ...524
1430 3709 1460 3763 in

365 3799 399 3852 A.
417 3796 518 3864 lepitur
531 3797 597 3862 post
612 3805 720 3845 msam
737 3791 795 3847 525.
813 3815 848 3831 -
864 3791 922 3846 tas.
939 3794 1039 3847 uestita
1055 3791 1126 3861 BA.;
1148 3792 1261 3847 uestitus
1278 3789 1312 3847 R.
1330 3799 1356 3847 st
1372 3793 1411 3848 M.
1427 3819 1460 3834 -

366 3880 417 3935 sub
433 3877 500 3933 flore
517 3876 590 3944 BA.;
606 3875 660 3928 iam
675 3872 743 3930 flore
759 3877 798 3931 M.
818 3899 846 3915 ψ
866 3892 936 3945 gena
952 3877 986 3931 A.
1002 3879 1103 3932 1·-529.
1119 3881 1151 3931 nt
1166 3893 1194 3946 p.
1211 3893 1246 3931 m.
1263 3887 1286 3931 r.
1302 3880 1380 3932 natet
1390 3877 1458 3945 BA.;

366 3963 438 4034 qnod
453 3975 481 4031 p.
499 3979 533 4016 m.
551 3977 574 4015 r.
591 3965 667 4013 tenet
683 3961 715 4013 1..
732 3989 766 3999 -
788 3968 926 4029 promotus
947 3961 975 4016 in
992 3976 1054 4016 arce
1071 3958 1141 4031 BA.;
1163 3967 1301 4031 promotus
1324 3961 1352 4015 in
1370 3977 1460 4016 arcem

366 4045 400 4102 R.
418 4057 443 4100 et
459 4045 501 4115 lt,
518 4050 670 4114 prostratus
686 4043 714 4096 in
732 4054 794 4098 arce
810 4042 849 4099 Μ.
867 4075 901 4085 -
917 4049 974 4101 530.
993 4046 1067 4100 cluat
1082 4047 1123 4118 Β.,
1140 4047 1199 4101 luat
1214 4048 1248 4100 A.
1264 4073 1299 4085 -
1312 4047 1370 4100 532.
1383 4046 1460 4115 plau·

367 4129 431 4184 deat
446 4131 519 4197 BA.;
536 4129 629 4184 audiat
646 4128 683 4195 0.,
700 4123 774 4182 haud
791 4135 837 4184 est
847 4124 889 4199 Β.,
906 4130 1020 4198 prodeat
1037 4129 1064 4185 S.
1082 4159 1114 4170 -
1130 4131 1184 4184 iam
1201 4141 1254 4184 non
1269 4129 1340 4197 BA.;
1358 4145 1412 4184 non
1429 4135 1458 4182 ut

367 4214 408 4269 M.
416 4241 446 4251 —
456 4214 588 4282 perissem
604 4215 637 4270 B.
646 4240 677 4251 —
687 4214 745 4268 538.
763 4213 787 4269 si
798 4220 863 4282 peto
879 4214 1029 4283 cicropidas
1039 4215 1080 4284 Β.,
1093 4216 1117 4271 si
1126 4230 1204 4283 spem
1216 4212 1372 4282 cecropidas
1382 4215 1416 4268 A.
1424 4237 1458 4251 -
