3300 5042
765 597 803 658 13

231 797 445 862 familiaritate
468 817 542 860 cum
563 793 909 880 Pylade'coniunctus.
942 793 1008 859 Sed
1022 791 1202 878 Aegisthus
1218 792 1327 856 diede-

232 911 317 963 mate
344 898 465 962 cinctus
492 907 526 961 et
545 895 679 959 indutus
700 916 845 978 purpura
866 893 1016 960 Orestem
1039 893 1166 976 quaerit
1193 893 1227 957 in
1242 893 1331 979 regia

233 1010 267 1063 et
287 997 443 1062 thesauris
464 985 563 1080 regiis
582 994 680 1080 potiri
710 995 807 1079 cupit,
838 995 956 1078 quibus
982 1005 1094 1059 utatur
1123 993 1164 1058 ad
1194 1016 1331 1080 regnum

232 1124 329 1165 suum
358 1097 565 1163 firmandum.
608 1093 702 1176 Quos
730 1094 787 1158 ubi
814 1117 889 1158 cum
917 1117 1016 1179 puero
1044 1094 1213 1178 subreptos
1241 1095 1331 1170 vidit,
1378 1115 1380 1119 ·

232 1222 353 1284 magno
374 1196 517 1261 afficitur
538 1194 664 1270 dolore3
687 1193 744 1258 sed
755 1191 1010 1278 Clytaemnestra
1032 1193 1154 1258 solatur
1167 1217 1242 1258 eum
1257 1217 1331 1258 snas

232 1301 336 1386 ipsius
358 1321 435 1384 opes
458 1305 619 1360 ostentans
641 1304 739 1377 atque
761 1293 923 1358 affirmans
946 1317 979 1359 se
999 1293 1084 1358 facili
1103 1294 1242 1380 negotio
1255 1317 1330 1378 pro·

233 1423 346 1464 cerum
361 1397 484 1461 animos
499 1393 739 1459 conciliaturam
754 1415 823 1457 esse
838 1393 1027 1458 mulieribus
1043 1417 1156 1458 eorum
1170 1417 1227 1480 per
1248 1395 1333 1459 dona

234 1497 389 1585 pellectis.
420 1495 636 1562 Confirmatus
657 1494 758 1578 igitur
779 1493 886 1558 animo
908 1494 960 1558 ille
981 1494 1121 1560 habenas
1143 1495 1234 1580 regni
1250 1497 1331 1559 arri*

235 1599 285 1684 pit
306 1597 426 1683 populo
454 1597 493 1664 de
514 1596 610 1659 caede
639 1594 725 1679 regis
753 1594 841 1657 inani
870 1603 995 1658 tantum
1016 1617 1145 1659 rumore
1168 1611 1330 1679 querente.

235 1699 336 1763 Musa
349 1697 461 1760 deinde
475 1695 582 1760 denuo
603 1695 751 1760 invocata
765 1695 897 1780 exponit
910 1706 1013 1780 poeta,
1036 1718 1094 1759 eur
1108 1696 1219 1780 regina
1233 1696 1330 1761 Elec-

237 1809 320 1862 tram
336 1795 550 1881 Orestemque
571 1795 731 1881 fugientes
750 1794 872 1859 nonsit
894 1805 1022 1859 strenue
1043 1807 1218 1880 persecuta.
1241 1797 1332 1864 Dicit

235 1898 320 1962 enim
340 1895 510 1982 Dorylam,
531 1895 684 1961 libertum
699 1895 963 1980 Agamemnonis,
986 1919 1057 1960 earn
1069 1895 1143 1962 dolo
1158 1897 1331 1983 decepisse,

235 1997 389 2081 quicum
408 1995 549 2060 nutritor
568 2006 653 2059 esset
678 1992 805 2059 Orestis
831 2017 948 2079 pueros
977 1996 1063 2081 regis
1083 1997 1252 2082 naufragio
1273 2004 1330 2083 p'e-

233 2098 327 2162 riisse
346 2096 478 2158 finxerit
498 2117 596 2177 seque
618 2092 723 2158 solhm
743 2095 850 2159 nando
871 2095 906 2158 in
927 2105 1046 2160 terram
1060 2098 1207 2162 evasisse.
1233 2098 1332 2179 Quod

233 2209 274 2260 ut
313 2194 546 2279 comprobaret,
596 2192 740 2258 vestibus
787 2193 894 2258 uvidis
942 2194 1092 2260 indutum
1139 2197 1263 2262 venisse
1295 2199 1329 2262 in

236 2295 370 2380 regiam,
392 2303 465 2357 ante
487 2294 633 2358 consulto
659 2293 847 2359 immersum
869 2295 902 2358 in
923 2319 1020 2362 mare.
1066 2295 1191 2382 Regina
1210 2299 1331 2364 laetum

235 2395 386 2460 nuntium
398 2393 586 2460 muneribus
598 2396 741 2461 cumulat
762 2417 800 2460 ae
810 2397 929 2482 populo
951 2420 1028 2462 mox
1049 2407 1225 2462 convocato
1238 2398 1330 2484 Aga-

234 2518 438 2560 memnonem
468 2494 540 2559 iure
572 2495 713 2560 occisum
745 2518 814 2560 esse
844 2497 1016 2573 contendit,
1050 2497 1106 2580 qui
1135 2507 1224 2563 tanto
1246 2500 1330 2566 bello

234 2606 327 2681 gesto
339 2596 455 2661 urbem
469 2618 605 2662 vacuam
618 2597 730 2660 lecerit
750 2595 885 2673 civibus,
907 2596 1102 2681 Aegisthum
1123 2607 1231 2662 autem
1244 2600 1331 2683 pacis

236 2695 492 2759 amantissimum
525 2717 605 2771 esse,
635 2717 701 2778 quo
728 2705 885 2780 regnante
914 2695 979 2759 otio
1008 2695 1225 2779 omnibusque
1245 2699 1331 2782 pacis

235 2795 330 2859 bonis
351 2793 546 2871 frui'lieere3
571 2793 663 2858 illum
685 2793 852 2859 dominum
867 2794 983 2870 luisse,
1011 2794 1098 2860 himo
1119 2794 1221 2860 civem
1242 2797 1331 2862 futu*

236 2917 311 2957 rum
333 2915 411 2958 esse.
454 2893 610 2978 Sequitur
628 2894 692 2958 iam
720 2895 877 2960 acerrima
896 2895 931 2958 in
950 2895 1146 2982 Aegisthum
1168 2895 1331 2982 Clytaem—

235 3002 445 3074 nestramque
465 2991 613 3069 invectio,
634 2993 727 3059 cuius
742 3017 818 3079 pars
832 2994 1045 3060 bona‘lacuna
1065 2996 1182 3062 hausta
1202 2997 1332 3064 interiit

237 3093 341 3156 Poeta
363 3090 449 3155 enim
470 3091 580 3156 dolens
609 3092 805 3177 Aegisthum
834 3103 900 3159 tam
929 3095 985 3160 diu
1006 3096 1201 3180 impunitum
1221 3099 1331 3176 fuisse,

237 3191 406 3257 hominum
433 3191 648 3275 quorumdam
676 3193 1109 3279 improborum·menti0nem
1137 3197 1221 3273 fecit,
1250 3219 1331 3280 quus

235 3291 328 3357 brevi
343 3304 486 3377 tempore
506 3293 594 3357 iusta
613 3293 791 3359 facinorum
813 3317 945 3360 suorum
966 3318 1068 3382 poena
1089 3307 1259 3362 consecuta
1272 3310 1330 3364 est

238 3392 367 3457 Deinde
388 3393 430 3457 ad
451 3392 741 3478 Clytaemnestram
763 3416 935 3460 conversus
957 3397 1061 3460 maius
1082 3418 1152 3459 eam
1173 3395 1330 3482 flagitium

237 3492 434 3557 commisisse
446 3494 524 3559 dicit
533 3515 632 3578 quam
646 3496 798 3561 Medeam
816 3495 867 3560 vel
881 3495 1030 3562 mulieres
1043 3493 1205 3574 Lemnias,
1218 3498 1329 3565 slmuh

239 3615 304 3676 que
324 3591 371 3654 illi
392 3594 522 3676 opponit
542 3604 668 3659 sanctas
697 3605 729 3658 et
756 3594 825 3680 pius
853 3595 1013 3668 mulieres,
1046 3595 1145 3660 veluti
1172 3595 1329 3672 Alcestin,

239 3713 324 3776 quac
344 3712 402 3778 pro
425 3694 559 3779 coniuge
591 3717 649 3760 suo
675 3695 846 3760 morinen
873 3693 1076 3771 dubitaverit,
1109 3705 1141 3760 et
1160 3695 1331 3774 Euadnen,

240 3814 323 3878 quae
345 3813 405 3856 sua
425 3791 587 3858 voluntate
607 3795 640 3857 in
656 3794 767 3859 ecdem
789 3815 867 3878 rogo
890 3813 965 3856 eum
985 3793 1092 3858 mariti
1113 3813 1242 3878 corpore
1257 3795 1331 3860 viva

238 3891 408 3957 combusta
428 3891 478 3956 sit.
521 3881 607 3957 Cum
631 3894 733 3978 igitur
757 3890 952 3977 Aegisthus,
975 3893 1040 3977 qui
1073 3895 1148 3958 olim
1176 3893 1330 3964 subulcus

237 3995 354 4068 fuerat,
376 4013 575 4076 quamquam
594 3991 689 4057 homo
710 3993 801 4056 rudis
830 4002 861 4056 et
887 3994 1051 4072 sordidus,
1078 4003 1184 4058 tamen
1203 3997 1330 4063 nemine

240 4114 318 4158 auso
340 4092 519 4176 quidquam
541 4113 668 4172 novare¹
681 4113 780 4156 annos
802 4103 921 4178 septem
937 4105 970 4160 et
982 4117 1107 4160 menses
1122 4103 1191 4158 cc'to
1213 4117 1329 4182 regna-

240 4193 349 4270 visset,
368 4204 461 4260 nocte
482 4192 624 4279 quadam
645 4192 756 4258 famuli
777 4194 868 4280 regii,
889 4207 927 4260 ut
952 4205 1191 4273 consueverant,
1218 4196 1330 4262 flentes
