3300 5042
851 559 869 620 6

313 755 444 838 Quibus
465 754 552 818 vitiis
568 775 648 818 cum
678 754 843 819 abundent
870 755 996 820 codices
1018 776 1116 820 manu
1139 753 1249 840 scripti
1270 755 1410 838 antiqui,

311 854 385 920 libri
405 853 597 920 recentiores
618 855 693 920 inde
708 856 748 921 ab
764 857 891 921 saeculo
907 856 1031 921 decimo
1047 866 1164 940 quarto
1178 857 1281 922 multo
1296 880 1409 922 emen-

312 956 452 1020 datiores
474 968 549 1019 sunt
570 977 607 1019 ac
628 955 878 1040 castigatiores.v
890 955 980 1021 Haeo
994 956 1095 1041 igitur
1119 957 1165 1020 de·
1186 956 1410 1024 Ambrosiano

313 1077 445 1139 quoque
467 1069 523 1120 aut
543 1056 584 1120 de
606 1056 790 1140 exemplari,
812 1057 898 1120 unde
917 1057 1060 1121 manavit
1079 1058 1143 1134 ille,
1165 1057 1300 1121 dicenda
1322 1069 1410 1125 sunt.

314 1155 480 1222 sexcentis
503 1157 586 1220 enirn
609 1156 687 1220 locis
709 1156 777 1219 eius
799 1155 887 1222 modi
909 1156 1034 1233 manda,
1058 1180 1140 1240 quae
1157 1168 1267 1221 extant
1280 1157 1313 1220 in
1324 1156 1409 1222 Ber·

313 1255 413 1332 nemi,
436 1256 562 1321 sublata
583 1268 680 1339 atque
702 1251 871 1318 emendata
892 1255 1021 1321 suntin
1043 1256 1269 1322 Ambrosiano.
1314 1255 1410 1338 Quae

314 1357 428 1439 utique
449 1357 515 1420 fere
537 1356 644 1420 omnia
664 1356 710 1418 ita
730 1367 916 1440 comparata
937 1366 1022 1434 sunt,
1050 1366 1089 1420 ut
1109 1356 1149 1420 ab
1172 1356 1327 1440 quolibet,
1351 1357 1410 1439 qui

313 1459 456 1540 aliquam
479 1457 592 1520 saltem
613 1456 730 1520 habeat
755 1455 884 1540 linguae
912 1456 1029 1522 latinae
1056 1456 1212 1533 notitiam,
1241 1458 1329 1522 nullo
1350 1479 1409 1520 ne·

315 1557 405 1642 gotio
428 1556 534 1621 sanari
554 1557 688 1642 possint.
731 1555 847 1639 Neque
876 1566 983 1620 tamen
1005 1580 1064 1621 sua
1087 1557 1182 1621 laude
1210 1557 1410 1622 fraudandus

315 1666 365 1722 est
384 1656 437 1720 ille
459 1654 585 1721 Orestis
608 1655 790 1740 tragoediae
812 1656 1006 1734 emendator,
1034 1656 1219 1739 quicunque
1241 1656 1311 1732 fuit,
1334 1678 1409 1721 oum

315 1757 487 1832 nonnulla,
519 1777 602 1840 quae
639 1755 756 1820 misere
786 1766 940 1841 corrupta
972 1769 1078 1833 erant,
1109 1755 1198 1820 haud
1228 1756 1409 1822 infelicibus

320 1856 499 1920 restituerit
518 1855 720 1931 coniecturis,
742 1856 842 1920 veluti
857 1879 886 1920 v.
903 1857 942 1921 59
960 1857 1079 1942 legitur
1096 1856 1130 1920 in
1144 1855 1301 1920 Beruensi
1315 1876 1410 1929 esum,

316 1956 350 2020 in
361 1955 580 2021 Ambrosiano
602 1969 782 2020 correctum
793 1978 961 2033 summurn,
983 1980 1014 2021 v.
1030 1959 1070 2020 60
1084 1956 1218 2041 praebet
1231 1957 1283 2020 ille
1293 1977 1411 2037 pauca,

316 2055 369 2121 hic
390 2056 578 2121 emendatus
595 2058 718 2136 patrio,
747 2079 776 2119 v.
799 2055 971 2122 asinino
1000 2057 1155 2142 scripturn
1183 2067 1231 2120 est
1258 2057 1323 2118 dua
1343 2077 1411 2130 aaa,

316 2156 351 2218 in
371 2155 433 2222 hoo
453 2155 619 2220 vocabulis
641 2154 843 2240 transpositis
864 2176 921 2218 reta
942 2157 1017 2219 aaa.
1060 2157 1185 2221 Verum
1206 2155 1240 2218 in
1261 2155 1300 2218 iis
1321 2155 1412 2232 locis,

318 2256 375 2338 qui
397 2255 537 2339 graviori
557 2255 705 2319 laborant
726 2255 814 2330 vitio,
847 2255 1013 2318 medendis
1034 2255 1147 2320 falsam
1168 2278 1301 2340 prorsus
1323 2255 1410 2320 via-m

316 2355 482 2439 ingressus
504 2364 553 2418 est
572 2341 768 2418 emendator.
811 2354 955 2418 Tantum
976 2355 1061 2418 enim
1083 2355 1195 2432 abfuit,
1217 2366 1255 2420 ut
1276 2355 1412 2440 vestigia

319 2453 448 2532 codicis,
470 2475 568 2538 quem
589 2453 738 2518 manibus
760 2453 899 2530 tenebat,
922 2466 1051 2518 secutus
1072 2477 1111 2518 ex
1128 2455 1206 2539 ipsis
1221 2456 1412 2540 corruptelis

318 2578 432 2620 verum
453 2554 567 2619 elicere
588 2553 740 2630 studeret,
762 2566 800 2618 ut
820 2577 972 2639 perverso
994 2578 1073 2620 usus
1095 2555 1213 2620 iudicio
1236 2555 1411 2620 audacissi-

319 2655 380 2719 mis
400 2655 584 2741 indulgeret
605 2655 796 2720 conieoturis
818 2666 851 2720 et
872 2655 959 2719 haud
979 2677 1100 2740 paucos
1122 2679 1234 2721 versus
1256 2657 1350 2741 plane
1372 2657 1414 2720 ad

320 2754 489 2820 arbitrium
504 2780 600 2820 suum
612 2757 826 2820 conformaret
841 2756 1001 2840 scriptura
1016 2756 1149 2839 antiqua
1159 2756 1287 2841 penitus
1300 2756 1411 2820 deleta.

319 2855 391 2919 Iam
412 2877 489 2919 vero
511 2877 577 2938 qua
597 2856 724 2918 licentia
745 2865 910 2939 grassatus
940 2855 981 2918 sit
1001 2855 1055 2920 ille
1075 2855 1109 2920 in
1130 2856 1274 2920 oratione
1296 2857 1413 2922 consti·

266 3014 268 3017 .
322 2955 452 3031 tuenda,
474 2955 641 3020 ostendam
663 2956 774 3040 paucis
802 2955 958 3040 exemplis
987 2956 1099 3022 allatis.
1141 2956 1184 3022 V.
1206 2959 1247 3021 78
1267 2956 1347 3022 haec
1367 2957 1410 3020 le-

321 3069 444 3142 guntur
464 3056 498 3120 in
519 3054 676 3120 Bemensi
705 3055 820 3120 misere
847 3055 1022 3140 depravata
1041 3065 1246 3138 posterorum
1274 3066 1411 3140 tempora

321 3159 395 3231 cita,
418 3179 501 3241 quae
522 3156 568 3220 ita
588 3156 788 3220 emendanda
809 3179 878 3220 esse
900 3167 937 3222 ut
958 3157 1117 3222 scribatur
1134 3161 1242 3239 posita
1258 3180 1319 3240 per
1340 3167 1413 3219 taru-

317 3277 403 3338 pora
423 3260 502 3321 uitta
534 3256 602 3320 din·
632 3256 666 3319 in
698 3256 936 3322 commentariis
965 3257 1093 3334 criticis,
1125 3279 1165 3322 ex
1196 3257 1414 3322 Ambrosiano

321 3366 487 3422 enotatum
511 3368 561 3422 est
583 3366 659 3439 post
686 3365 806 3439 tergum
839 3359 968 3420 bruchio
999 3361 1120 3434 uiueta3
1153 3382 1182 3422 v.
1205 3360 1246 3422 84
1267 3357 1345 3422 haec
1367 3369 1416 3420 est

322 3455 441 3522 codicis
462 3455 675 3543 Bongarsiani
696 3457 857 3542 scriptura
884 3459 953 3539 agit
975 3466 1119 3539 precepto
1140 3466 1259 3533 cature,
1288 3480 1328 3520 ex
1350 3478 1416 3539 qua

323 3557 507 3622 coniectura
528 3558 618 3622 effeci
638 3580 700 3643 ego
721 3559 769 3620 ait
790 3560 836 3618 sic
850 3565 1059 3638 turerecepto,
1081 3557 1267 3622 emendator
1281 3560 1329 3620 ait
1339 3578 1415 3636 pre-

323 3664 410 3737 cepta
430 3665 578 3738 repertae.
601 3656 667 3722 Sed
685 3655 898 3722 luculentiora
918 3655 1014 3720 etiam
1036 3658 1181 3742 exempla
1202 3669 1277 3722 sunt
1299 3680 1327 3720 v.
1344 3658 1415 3732 343,

323 3756 380 3820 ubi
401 3779 461 3842 pro
482 3779 521 3821 eo
542 3756 631 3839 quod
645 3767 733 3821 extat
747 3757 780 3822 in
793 3755 950 3822 Beruensi
972 3767 1061 3838 atque
1081 3760 1206 3821 utinum
1227 3757 1415 3822 miualauera

320 3877 380 3938 per
399 3857 479 3920 uella
497 3854 524 3938 ⁰)
546 3857 661 3938 feriret
688 3879 815 3939 arroso,
847 3857 881 3920 in
910 3857 1127 3923 Ambrosiano
1159 3857 1337 3942 repositum
1366 3869 1417 3922 est

323 3958 416 4022 illu-m
437 3956 584 4021 bellatrra
604 3959 729 4019 utinam
749 3961 911 4021 atramasct
933 3980 1064 4022 amazon
1078 3973 1110 4023 et
1124 3984 1153 4023 v.
1171 3960 1241 4035 950,
1264 3980 1329 4042 quo
1343 3957 1415 4022 loco

328 4116 529 4127 --.---

426 4167 447 4233 ⁶)
466 4168 641 4223 Scribeudum
659 4185 720 4222 cum
737 4169 910 4223 Rothmalero
928 4171 1051 4223 iuvenem
1068 4185 1118 4238 par
1136 4169 1217 4222 bellu„
