<?xml version="1.0" encoding="UTF-8"?>
<!DOCTYPE html PUBLIC "-//W3C//DTD XHTML 1.0 Transitional//EN"
    "http://www.w3.org/TR/xhtml1/DTD/xhtml1-transitional.dtd">
<html xmlns="http://www.w3.org/1999/xhtml" xml:lang="en" lang="en">
 <head>
  <title>
</title>
<meta http-equiv="Content-Type" content="text/html;charset=utf-8" />
  <meta name='ocr-system' content='tesseract 3.04.00' />
  <meta name='ocr-capabilities' content='ocr_page ocr_carea ocr_par ocr_line ocrx_word'/>
</head>
<body>
  <div class='ocr_page' id='page_1' title='image "./orestistragoedi00schegoog/orestistragoedi00schegoog_0011.png"; bbox 0 0 3300 5042; ppageno 0'>
   <div class='ocr_carea' id='block_1_1' title="bbox 701 614 807 674">
    <p class='ocr_par' dir='ltr' id='par_1_1' title="bbox 701 614 807 674">
     <span class='ocr_line' id='line_1_1' title="bbox 701 614 807 674; baseline 0 0"><span class='ocrx_word' id='word_1_1' title='bbox 701 616 707 623; x_wconf 87' lang='grc'>’</span> <span class='ocrx_word' id='word_1_2' title='bbox 785 614 807 674; x_wconf 81' lang='grc'><strong>3</strong></span> 
     </span>
    </p>
   </div>
   <div class='ocr_carea' id='block_1_2' title="bbox 231 807 1349 3298">
    <p class='ocr_par' dir='ltr' id='par_1_2' title="bbox 248 807 1349 2499">
     <span class='ocr_line' id='line_1_2' title="bbox 248 807 1345 900; baseline -0.014 -14"><span class='ocrx_word' id='word_1_3' title='bbox 248 843 321 886; x_wconf 87' lang='lat' dir='ltr'><strong>rum</strong></span> <span class='ocrx_word' id='word_1_4' title='bbox 342 813 635 900; x_wconf 69' lang='lat' dir='ltr'>conquirendorum</span> <span class='ocrx_word' id='word_1_5' title='bbox 656 835 770 879; x_wconf 79' lang='lat' dir='ltr'><strong>caussa</strong></span> <span class='ocrx_word' id='word_1_6' title='bbox 790 813 824 876; x_wconf 86' lang='lat' dir='ltr'><strong>in</strong></span> <span class='ocrx_word' id='word_1_7' title='bbox 848 812 987 879; x_wconf 85' lang='lat' dir='ltr'><strong>Galliam</strong></span> <span class='ocrx_word' id='word_1_8' title='bbox 1009 820 1042 872; x_wconf 86' lang='lat' dir='ltr'><strong>st</strong></span> <span class='ocrx_word' id='word_1_9' title='bbox 1061 807 1190 877; x_wconf 80' lang='lat' dir='ltr'><strong>inde&#39;in</strong></span> <span class='ocrx_word' id='word_1_10' title='bbox 1207 808 1345 876; x_wconf 85' lang='lat' dir='ltr'><strong>Germa·</strong></span> 
     </span>
     <span class='ocr_line' id='line_1_3' title="bbox 251 909 1347 1002; baseline -0.009 -20"><span class='ocrx_word' id='word_1_11' title='bbox 251 921 337 984; x_wconf 90' lang='lat' dir='ltr'><strong>niam</strong></span> <span class='ocrx_word' id='word_1_12' title='bbox 359 917 523 1002; x_wconf 85' lang='lat' dir='ltr'><strong>profectus</strong></span> <span class='ocrx_word' id='word_1_13' title='bbox 543 924 594 978; x_wconf 88' lang='lat' dir='ltr'><strong>est</strong></span> <span class='ocrx_word' id='word_1_14' title='bbox 614 910 711 995; x_wconf 67' lang='lat' dir='ltr'><strong>atrius</strong></span> <span class='ocrx_word' id='word_1_15' title='bbox 733 913 767 977; x_wconf 90' lang='lat' dir='ltr'><strong>in</strong></span> <span class='ocrx_word' id='word_1_16' title='bbox 787 935 826 976; x_wconf 93' lang='lat' dir='ltr'><strong>eo</strong></span> <span class='ocrx_word' id='word_1_17' title='bbox 847 913 960 976; x_wconf 84' lang='lat' dir='ltr'><strong>itinere</strong></span> <span class='ocrx_word' id='word_1_18' title='bbox 982 933 1086 992; x_wconf 88' lang='lat' dir='ltr'><strong>usqua</strong></span> <span class='ocrx_word' id='word_1_19' title='bbox 1107 911 1140 974; x_wconf 89' lang='lat' dir='ltr'><strong>in</strong></span> <span class='ocrx_word' id='word_1_20' title='bbox 1158 909 1299 974; x_wconf 88' lang='lat' dir='ltr'><strong>Daniam</strong></span> <span class='ocrx_word' id='word_1_21' title='bbox 1315 919 1347 972; x_wconf 94' lang='lat' dir='ltr'><strong>et</strong></span> 
     </span>
     <span class='ocr_line' id='line_1_4' title="bbox 253 1003 1346 1100; baseline -0.009 -16"><span class='ocrx_word' id='word_1_22' title='bbox 253 1018 498 1084; x_wconf 86' lang='lat' dir='ltr'><strong>Scandinaviam</strong></span> <span class='ocrx_word' id='word_1_23' title='bbox 535 1003 728 1100; x_wconf 82' lang='lat' dir='ltr'><strong>progressus</strong></span> <span class='ocrx_word' id='word_1_24' title='bbox 760 1037 830 1078; x_wconf 89' lang='lat' dir='ltr'><strong>esse</strong></span> <span class='ocrx_word' id='word_1_25' title='bbox 862 1013 988 1077; x_wconf 88' lang='lat' dir='ltr'><strong>dicitur.</strong></span> <span class='ocrx_word' id='word_1_26' title='bbox 1019 1011 1040 1096; x_wconf 88' lang='lat'><strong>¹)</strong></span> <span class='ocrx_word' id='word_1_27' title='bbox 1084 1010 1205 1074; x_wconf 82' lang='lat' dir='ltr'><strong>Utrum</strong></span> <span class='ocrx_word' id='word_1_28' title='bbox 1238 1021 1346 1074; x_wconf 87' lang='lat' dir='ltr'><strong>autem</strong></span> 
     </span>
     <span class='ocr_line' id='line_1_5' title="bbox 249 1109 1346 1200; baseline -0.009 -16"><span class='ocrx_word' id='word_1_29' title='bbox 249 1119 391 1183; x_wconf 80' lang='lat' dir='ltr'><strong>codicem</strong></span> <span class='ocrx_word' id='word_1_30' title='bbox 405 1117 514 1200; x_wconf 90' lang='lat' dir='ltr'><strong>ipsum</strong></span> <span class='ocrx_word' id='word_1_31' title='bbox 529 1137 626 1197; x_wconf 88' lang='lat' dir='ltr'><strong>quem</strong></span> <span class='ocrx_word' id='word_1_32' title='bbox 640 1115 805 1178; x_wconf 89' lang='lat' dir='ltr'><strong>invenerat</strong></span> <span class='ocrx_word' id='word_1_33' title='bbox 818 1111 1038 1198; x_wconf 85' lang='lat' dir='ltr'><strong>apportaverit</strong></span> <span class='ocrx_word' id='word_1_34' title='bbox 1052 1109 1168 1176; x_wconf 84' lang='lat' dir='ltr'><strong>Enoch</strong></span> <span class='ocrx_word' id='word_1_35' title='bbox 1183 1133 1223 1175; x_wconf 89' lang='lat' dir='ltr'><strong>an</strong></span> <span class='ocrx_word' id='word_1_36' title='bbox 1238 1133 1346 1174; x_wconf 85' lang='lat' dir='ltr'><strong>exem-</strong></span> 
     </span>
     <span class='ocr_line' id='line_1_6' title="bbox 249 1211 1348 1303; baseline -0.006 -20"><span class='ocrx_word' id='word_1_37' title='bbox 249 1221 322 1303; x_wconf 89' lang='lat' dir='ltr'><strong>plar</strong></span> <span class='ocrx_word' id='word_1_38' title='bbox 342 1217 431 1301; x_wconf 92' lang='lat' dir='ltr'><strong>quod</strong></span> <span class='ocrx_word' id='word_1_39' title='bbox 453 1215 676 1299; x_wconf 75' lang='lat' dir='ltr'><strong>descripserat,</strong></span> <span class='ocrx_word' id='word_1_40' title='bbox 698 1215 738 1278; x_wconf 90' lang='lat' dir='ltr'><strong>de</strong></span> <span class='ocrx_word' id='word_1_41' title='bbox 760 1237 799 1277; x_wconf 88' lang='lat' dir='ltr'><strong>ea</strong></span> <span class='ocrx_word' id='word_1_42' title='bbox 811 1235 846 1277; x_wconf 90' lang='lat' dir='ltr'><strong>re</strong></span> <span class='ocrx_word' id='word_1_43' title='bbox 862 1213 940 1279; x_wconf 89' lang='lat' dir='ltr'><strong>certi</strong></span> <span class='ocrx_word' id='word_1_44' title='bbox 963 1211 1142 1296; x_wconf 85' lang='lat' dir='ltr'><strong>quidquam</strong></span> <span class='ocrx_word' id='word_1_45' title='bbox 1164 1211 1265 1287; x_wconf 86' lang='lat' dir='ltr'><strong>statui</strong></span> <span class='ocrx_word' id='word_1_46' title='bbox 1282 1233 1348 1276; x_wconf 89' lang='lat' dir='ltr'><strong>non</strong></span> 
     </span>
     <span class='ocr_line' id='line_1_7' title="bbox 252 1309 1346 1403; baseline -0.006 -20"><span class='ocrx_word' id='word_1_47' title='bbox 252 1329 368 1403; x_wconf 84' lang='lat' dir='ltr'><strong>potest,</strong></span> <span class='ocrx_word' id='word_1_48' title='bbox 383 1338 581 1400; x_wconf 89' lang='lat' dir='ltr'><strong>quamquam</strong></span> <span class='ocrx_word' id='word_1_49' title='bbox 597 1315 623 1380; x_wconf 92' lang='lat' dir='ltr'><strong>si</strong></span> <span class='ocrx_word' id='word_1_50' title='bbox 638 1339 685 1390; x_wconf 89' lang='lat' dir='ltr'><strong>ea,</strong></span> <span class='ocrx_word' id='word_1_51' title='bbox 701 1337 784 1398; x_wconf 83' lang='lat' dir='ltr'><strong>quaa</strong></span> <span class='ocrx_word' id='word_1_52' title='bbox 795 1316 1025 1380; x_wconf 87' lang='lat' dir='ltr'><strong>Massmannus</strong></span> <span class='ocrx_word' id='word_1_53' title='bbox 1039 1311 1164 1376; x_wconf 91' lang='lat' dir='ltr'><strong>rettulit</strong></span> <span class='ocrx_word' id='word_1_54' title='bbox 1178 1309 1217 1374; x_wconf 90' lang='lat' dir='ltr'><strong>de</strong></span> <span class='ocrx_word' id='word_1_55' title='bbox 1232 1310 1346 1376; x_wconf 84' lang='lat' dir='ltr'><strong>libellis</strong></span> 
     </span>
     <span class='ocr_line' id='line_1_8' title="bbox 252 1413 1348 1498; baseline -0.004 -16"><span class='ocrx_word' id='word_1_56' title='bbox 252 1419 357 1484; x_wconf 80' lang='lat' dir='ltr'><strong>Taciti</strong></span> <span class='ocrx_word' id='word_1_57' title='bbox 379 1427 411 1482; x_wconf 88' lang='lat' dir='ltr'><strong>et</strong></span> <span class='ocrx_word' id='word_1_58' title='bbox 439 1416 585 1484; x_wconf 88' lang='lat' dir='ltr'><strong>Suetonii</strong></span> <span class='ocrx_word' id='word_1_59' title='bbox 613 1416 654 1481; x_wconf 89' lang='lat' dir='ltr'><strong>ab</strong></span> <span class='ocrx_word' id='word_1_60' title='bbox 675 1416 791 1481; x_wconf 85' lang='lat' dir='ltr'><strong>Enoch</strong></span> <span class='ocrx_word' id='word_1_61' title='bbox 817 1415 973 1491; x_wconf 84' lang='lat' dir='ltr'><strong>inventis,</strong></span> <span class='ocrx_word' id='word_1_62' title='bbox 999 1414 1096 1478; x_wconf 88' lang='lat' dir='ltr'><strong>etiam</strong></span> <span class='ocrx_word' id='word_1_63' title='bbox 1125 1425 1221 1498; x_wconf 87' lang='lat' dir='ltr'><strong>atque</strong></span> <span class='ocrx_word' id='word_1_64' title='bbox 1251 1413 1348 1478; x_wconf 88' lang='lat' dir='ltr'><strong>etiam</strong></span> 
     </span>
     <span class='ocr_line' id='line_1_9' title="bbox 250 1513 1347 1597; baseline -0.005 -14"><span class='ocrx_word' id='word_1_65' title='bbox 250 1519 430 1593; x_wconf 87' lang='lat' dir='ltr'><strong>considero,</strong></span> <span class='ocrx_word' id='word_1_66' title='bbox 458 1539 521 1583; x_wconf 89' lang='lat' dir='ltr'><strong>non</strong></span> <span class='ocrx_word' id='word_1_67' title='bbox 549 1516 663 1582; x_wconf 92' lang='lat' dir='ltr'><strong>dubito</strong></span> <span class='ocrx_word' id='word_1_68' title='bbox 684 1517 740 1582; x_wconf 81' lang='lat' dir='ltr'><strong>Er.</strong></span> <span class='ocrx_word' id='word_1_69' title='bbox 762 1515 878 1580; x_wconf 89' lang='lat' dir='ltr'><strong>Haasii</strong></span> <span class='ocrx_word' id='word_1_70' title='bbox 900 1513 1074 1580; x_wconf 88' lang='lat' dir='ltr'><strong>sententiae</strong></span> <span class='ocrx_word' id='word_1_71' title='bbox 1089 1514 1257 1590; x_wconf 59' lang='lat' dir='ltr'><strong>&#39;accedero</strong></span> <span class='ocrx_word' id='word_1_72' title='bbox 1291 1515 1347 1597; x_wconf 91' lang='lat' dir='ltr'><strong>qui</strong></span> 
     </span>
     <span class='ocr_line' id='line_1_10' title="bbox 251 1615 1347 1702; baseline 0 -21"><span class='ocrx_word' id='word_1_73' title='bbox 251 1617 396 1683; x_wconf 88' lang='lat' dir='ltr'><strong>codicem</strong></span> <span class='ocrx_word' id='word_1_74' title='bbox 416 1617 522 1702; x_wconf 87' lang='lat' dir='ltr'><strong>ipsum</strong></span> <span class='ocrx_word' id='word_1_75' title='bbox 536 1640 603 1682; x_wconf 93' lang='lat' dir='ltr'><strong>non</strong></span> <span class='ocrx_word' id='word_1_76' title='bbox 615 1619 719 1702; x_wconf 88' lang='lat' dir='ltr'><strong>magis</strong></span> <span class='ocrx_word' id='word_1_77' title='bbox 740 1617 781 1681; x_wconf 91' lang='lat' dir='ltr'><strong>ab</strong></span> <span class='ocrx_word' id='word_1_78' title='bbox 795 1616 912 1680; x_wconf 84' lang='lat' dir='ltr'><strong>Enoch</strong></span> <span class='ocrx_word' id='word_1_79' title='bbox 926 1615 960 1680; x_wconf 91' lang='lat' dir='ltr'><strong>in</strong></span> <span class='ocrx_word' id='word_1_80' title='bbox 973 1615 1101 1680; x_wconf 89' lang='lat' dir='ltr'><strong>Italiam</strong></span> <span class='ocrx_word' id='word_1_81' title='bbox 1124 1615 1255 1678; x_wconf 87' lang='lat' dir='ltr'><strong>allatum</strong></span> <span class='ocrx_word' id='word_1_82' title='bbox 1278 1638 1347 1681; x_wconf 88' lang='lat' dir='ltr'><strong>esse</strong></span> 
     </span>
     <span class='ocr_line' id='line_1_11' title="bbox 250 1715 1349 1802; baseline -0.003 -19"><span class='ocrx_word' id='word_1_83' title='bbox 250 1728 361 1784; x_wconf 86' lang='lat' dir='ltr'><strong>censet</strong></span> <span class='ocrx_word' id='word_1_84' title='bbox 381 1741 477 1802; x_wconf 89' lang='lat' dir='ltr'><strong>qnam</strong></span> <span class='ocrx_word' id='word_1_85' title='bbox 505 1728 670 1784; x_wconf 89' lang='lat' dir='ltr'><strong>vetustum</strong></span> <span class='ocrx_word' id='word_1_86' title='bbox 701 1717 821 1784; x_wconf 92' lang='lat' dir='ltr'><strong>librum</strong></span> <span class='ocrx_word' id='word_1_87' title='bbox 844 1717 948 1782; x_wconf 81' lang='lat' dir='ltr'><strong>Taciti</strong></span> <span class='ocrx_word' id='word_1_88' title='bbox 969 1727 1002 1782; x_wconf 90' lang='lat' dir='ltr'><strong>et</strong></span> <span class='ocrx_word' id='word_1_89' title='bbox 1024 1715 1170 1784; x_wconf 87' lang='lat' dir='ltr'><strong>Suetonii</strong></span> <span class='ocrx_word' id='word_1_90' title='bbox 1193 1716 1349 1800; x_wconf 81' lang='lat' dir='ltr'><strong>opuscula</strong></span> 
     </span>
     <span class='ocr_line' id='line_1_12' title="bbox 251 1813 1347 1902; baseline -0.002 -20"><span class='ocrx_word' id='word_1_91' title='bbox 251 1819 474 1887; x_wconf 82' lang='lat' dir='ltr'><strong>continentem.</strong></span> <span class='ocrx_word' id='word_1_92' title='bbox 494 1818 523 1902; x_wconf 71' lang='lat'><strong>²)</strong></span> <span class='ocrx_word' id='word_1_93' title='bbox 567 1818 633 1885; x_wconf 86' lang='lat' dir='ltr'><strong>Sed</strong></span> <span class='ocrx_word' id='word_1_94' title='bbox 667 1819 771 1882; x_wconf 80' lang='lat' dir='ltr'><strong>multo</strong></span> <span class='ocrx_word' id='word_1_95' title='bbox 804 1817 914 1882; x_wconf 90' lang='lat' dir='ltr'><strong>minus</strong></span> <span class='ocrx_word' id='word_1_96' title='bbox 954 1816 1123 1882; x_wconf 84' lang='lat' dir='ltr'><strong>tribuerim</strong></span> <span class='ocrx_word' id='word_1_97' title='bbox 1163 1813 1254 1880; x_wconf 85' lang='lat' dir='ltr'><strong>alteri</strong></span> <span class='ocrx_word' id='word_1_98' title='bbox 1286 1814 1347 1880; x_wconf 85' lang='lat' dir='ltr'><strong>viri</strong></span> 
     </span>
     <span class='ocr_line' id='line_1_13' title="bbox 249 1915 1348 2002; baseline -0.001 -20"><span class='ocrx_word' id='word_1_99' title='bbox 249 1918 373 2002; x_wconf 83' lang='lat' dir='ltr'><strong>egregii</strong></span> <span class='ocrx_word' id='word_1_100' title='bbox 394 1919 611 1995; x_wconf 83' lang='lat' dir='ltr'><strong>coniecturae,</strong></span> <span class='ocrx_word' id='word_1_101' title='bbox 644 1940 710 2002; x_wconf 91' lang='lat' dir='ltr'><strong>qua</strong></span> <span class='ocrx_word' id='word_1_102' title='bbox 740 1918 860 1983; x_wconf 88' lang='lat' dir='ltr'><strong>librum</strong></span> <span class='ocrx_word' id='word_1_103' title='bbox 892 1916 1147 1982; x_wconf 85' lang='lat' dir='ltr'><strong>Ambrosianum</strong></span> <span class='ocrx_word' id='word_1_104' title='bbox 1170 1915 1210 1982; x_wconf 87' lang='lat' dir='ltr'><strong>ab</strong></span> <span class='ocrx_word' id='word_1_105' title='bbox 1232 1915 1348 1982; x_wconf 88' lang='lat' dir='ltr'><strong>Enoch</strong></span> 
     </span>
     <span class='ocr_line' id='line_1_14' title="bbox 249 2016 1347 2102; baseline 0.002 -22"><span class='ocrx_word' id='word_1_106' title='bbox 249 2016 322 2102; x_wconf 88' lang='lat' dir='ltr'><strong>ipso</strong></span> <span class='ocrx_word' id='word_1_107' title='bbox 350 2019 567 2102; x_wconf 87' lang='lat' dir='ltr'><strong>perscriptum</strong></span> <span class='ocrx_word' id='word_1_108' title='bbox 594 2041 664 2082; x_wconf 86' lang='lat' dir='ltr'><strong>esse</strong></span> <span class='ocrx_word' id='word_1_109' title='bbox 693 2017 842 2082; x_wconf 85' lang='lat' dir='ltr'><strong>affirmat.</strong></span> <span class='ocrx_word' id='word_1_110' title='bbox 885 2016 971 2080; x_wconf 90' lang='lat' dir='ltr'><strong>Nam</strong></span> <span class='ocrx_word' id='word_1_111' title='bbox 1000 2016 1060 2081; x_wconf 88' lang='lat' dir='ltr'><strong>etsi</strong></span> <span class='ocrx_word' id='word_1_112' title='bbox 1091 2016 1248 2080; x_wconf 87' lang='lat' dir='ltr'><strong>concedas</strong></span> <span class='ocrx_word' id='word_1_113' title='bbox 1277 2039 1347 2082; x_wconf 90' lang='lat' dir='ltr'><strong>eam</strong></span> 
     </span>
     <span class='ocr_line' id='line_1_15' title="bbox 249 2116 1347 2198; baseline 0 -16"><span class='ocrx_word' id='word_1_114' title='bbox 249 2140 319 2182; x_wconf 86' lang='lat' dir='ltr'><strong>rem</strong></span> <span class='ocrx_word' id='word_1_115' title='bbox 340 2117 464 2181; x_wconf 88' lang='lat' dir='ltr'><strong>collatis</strong></span> <span class='ocrx_word' id='word_1_116' title='bbox 485 2117 627 2190; x_wconf 87' lang='lat' dir='ltr'><strong>demum,</strong></span> <span class='ocrx_word' id='word_1_117' title='bbox 649 2116 677 2179; x_wconf 90' lang='lat' dir='ltr'><strong>si</strong></span> <span class='ocrx_word' id='word_1_118' title='bbox 691 2134 778 2198; x_wconf 84' lang='lat' dir='ltr'><strong>quae</strong></span> <span class='ocrx_word' id='word_1_119' title='bbox 790 2116 888 2178; x_wconf 87' lang='lat' dir='ltr'><strong>stiam</strong></span> <span class='ocrx_word' id='word_1_120' title='bbox 902 2138 988 2180; x_wconf 90' lang='lat' dir='ltr'><strong>nunc</strong></span> <span class='ocrx_word' id='word_1_121' title='bbox 1007 2125 1126 2191; x_wconf 85' lang='lat' dir='ltr'><strong>extant,</strong></span> <span class='ocrx_word' id='word_1_122' title='bbox 1148 2116 1217 2180; x_wconf 88' lang='lat' dir='ltr'><strong>eius</strong></span> <span class='ocrx_word' id='word_1_123' title='bbox 1232 2127 1347 2182; x_wconf 84' lang='lat' dir='ltr'><strong>manus</strong></span> 
     </span>
     <span class='ocr_line' id='line_1_16' title="bbox 250 2214 1346 2299; baseline 0 -19"><span class='ocrx_word' id='word_1_124' title='bbox 250 2216 397 2298; x_wconf 86' lang='lat' dir='ltr'><strong>reliquiis</strong></span> <span class='ocrx_word' id='word_1_125' title='bbox 418 2214 512 2298; x_wconf 86' lang='lat' dir='ltr'><strong>plane</strong></span> <span class='ocrx_word' id='word_1_126' title='bbox 534 2214 661 2280; x_wconf 89' lang='lat' dir='ltr'><strong>decerni</strong></span> <span class='ocrx_word' id='word_1_127' title='bbox 685 2237 792 2299; x_wconf 78' lang='lat' dir='ltr'><strong>posse,</strong></span> <span class='ocrx_word' id='word_1_128' title='bbox 818 2223 927 2278; x_wconf 90' lang='lat' dir='ltr'><strong>tamen</strong></span> <span class='ocrx_word' id='word_1_129' title='bbox 953 2214 1008 2292; x_wconf 75' lang='lat' dir='ltr'><strong>isti</strong></span> <span class='ocrx_word' id='word_1_130' title='bbox 1029 2215 1205 2282; x_wconf 83' lang='lat' dir='ltr'><strong>sententiae</strong></span> <span class='ocrx_word' id='word_1_131' title='bbox 1226 2215 1346 2280; x_wconf 89' lang='lat' dir='ltr'><strong>multae</strong></span> 
     </span>
     <span class='ocr_line' id='line_1_17' title="bbox 251 2313 1345 2398; baseline 0 -18"><span class='ocrx_word' id='word_1_132' title='bbox 251 2327 421 2398; x_wconf 79' lang='lat' dir='ltr'><strong>etgraves</strong></span> <span class='ocrx_word' id='word_1_133' title='bbox 444 2314 654 2379; x_wconf 82' lang='lat' dir='ltr'><strong>adversantur</strong></span> <span class='ocrx_word' id='word_1_134' title='bbox 674 2313 824 2391; x_wconf 86' lang='lat' dir='ltr'><strong>rationes,</strong></span> <span class='ocrx_word' id='word_1_135' title='bbox 848 2337 929 2398; x_wconf 90' lang='lat' dir='ltr'><strong>quas</strong></span> <span class='ocrx_word' id='word_1_136' title='bbox 944 2314 1009 2380; x_wconf 90' lang='lat' dir='ltr'><strong>iam</strong></span> <span class='ocrx_word' id='word_1_137' title='bbox 1023 2314 1056 2379; x_wconf 92' lang='lat' dir='ltr'><strong>in</strong></span> <span class='ocrx_word' id='word_1_138' title='bbox 1070 2313 1116 2379; x_wconf 89' lang='lat' dir='ltr'><strong>eis</strong></span> <span class='ocrx_word' id='word_1_139' title='bbox 1132 2337 1215 2398; x_wconf 88' lang='lat' dir='ltr'><strong>quae</strong></span> <span class='ocrx_word' id='word_1_140' title='bbox 1231 2337 1345 2380; x_wconf 90' lang='lat' dir='ltr'><strong>secun-</strong></span> 
     </span>
     <span class='ocr_line' id='line_1_18' title="bbox 250 2414 827 2499; baseline 0.01 -21"><span class='ocrx_word' id='word_1_141' title='bbox 250 2425 305 2481; x_wconf 90' lang='lat' dir='ltr'><strong>tur</strong></span> <span class='ocrx_word' id='word_1_142' title='bbox 326 2414 468 2480; x_wconf 86' lang='lat' dir='ltr'><strong>breviter</strong></span> <span class='ocrx_word' id='word_1_143' title='bbox 488 2414 731 2499; x_wconf 86' lang='lat' dir='ltr'><strong>explicabimus.</strong></span> <span class='ocrx_word' id='word_1_144' title='bbox 823 2479 827 2484; x_wconf 90' lang='lat'>.</span> 
     </span>
    </p>

    <p class='ocr_par' dir='ltr' id='par_1_3' title="bbox 231 2512 1347 3298">
     <span class='ocr_line' id='line_1_19' title="bbox 333 2512 1347 2592; baseline -0.001 -13"><span class='ocrx_word' id='word_1_145' title='bbox 333 2512 486 2581; x_wconf 79' lang='lat' dir='ltr'><strong>Codicem</strong></span> <span class='ocrx_word' id='word_1_146' title='bbox 500 2514 756 2583; x_wconf 84' lang='lat' dir='ltr'><strong>Ambrosianum</strong></span> <span class='ocrx_word' id='word_1_147' title='bbox 778 2538 820 2580; x_wconf 85' lang='lat' dir='ltr'><strong>ex</strong></span> <span class='ocrx_word' id='word_1_148' title='bbox 841 2515 954 2583; x_wconf 87' lang='lat' dir='ltr'><strong>eodem</strong></span> <span class='ocrx_word' id='word_1_149' title='bbox 976 2515 1074 2592; x_wconf 86' lang='lat' dir='ltr'><strong>fonte,</strong></span> <span class='ocrx_word' id='word_1_150' title='bbox 1097 2515 1183 2580; x_wconf 89' lang='lat' dir='ltr'><strong>uude</strong></span> <span class='ocrx_word' id='word_1_151' title='bbox 1205 2515 1347 2580; x_wconf 84' lang='lat' dir='ltr'><strong>manavit</strong></span> 
     </span>
     <span class='ocr_line' id='line_1_20' title="bbox 247 2613 1346 2698; baseline 0.002 -20"><span class='ocrx_word' id='word_1_152' title='bbox 247 2613 432 2691; x_wconf 84' lang='lat' dir='ltr'><strong>Bernenaia‚</strong></span> <span class='ocrx_word' id='word_1_153' title='bbox 454 2614 584 2680; x_wconf 80' lang='lat' dir='ltr'><strong>fluxisse</strong></span> <span class='ocrx_word' id='word_1_154' title='bbox 607 2613 684 2679; x_wconf 87' lang='lat' dir='ltr'><strong>satis</strong></span> <span class='ocrx_word' id='word_1_155' title='bbox 706 2616 881 2680; x_wconf 88' lang='lat' dir='ltr'><strong>ostendunt</strong></span> <span class='ocrx_word' id='word_1_156' title='bbox 901 2616 1043 2693; x_wconf 85' lang='lat' dir='ltr'><strong>lacunae,</strong></span> <span class='ocrx_word' id='word_1_157' title='bbox 1067 2637 1149 2698; x_wconf 87' lang='lat' dir='ltr'><strong>quae</strong></span> <span class='ocrx_word' id='word_1_158' title='bbox 1172 2638 1282 2680; x_wconf 86' lang='lat' dir='ltr'><strong>omnes</strong></span> <span class='ocrx_word' id='word_1_159' title='bbox 1301 2615 1346 2680; x_wconf 86' lang='lat' dir='ltr'><strong>illi</strong></span> 
     </span>
     <span class='ocr_line' id='line_1_21' title="bbox 248 2712 1345 2799; baseline 0.002 -21"><span class='ocrx_word' id='word_1_160' title='bbox 248 2735 435 2780; x_wconf 78' lang='lat' dir='ltr'><strong>communes</strong></span> <span class='ocrx_word' id='word_1_161' title='bbox 457 2725 534 2778; x_wconf 91' lang='lat' dir='ltr'><strong>sunt</strong></span> <span class='ocrx_word' id='word_1_162' title='bbox 561 2737 635 2779; x_wconf 91' lang='lat' dir='ltr'><strong>cum</strong></span> <span class='ocrx_word' id='word_1_163' title='bbox 664 2715 748 2780; x_wconf 91' lang='lat' dir='ltr'><strong>libro</strong></span> <span class='ocrx_word' id='word_1_164' title='bbox 778 2715 1011 2799; x_wconf 85' lang='lat' dir='ltr'><strong>Bongarsiauo.</strong></span> <span class='ocrx_word' id='word_1_165' title='bbox 1056 2712 1132 2797; x_wconf 82' lang='lat' dir='ltr'><strong>Qua</strong></span> <span class='ocrx_word' id='word_1_166' title='bbox 1153 2714 1192 2780; x_wconf 87' lang='lat' dir='ltr'><strong>do</strong></span> <span class='ocrx_word' id='word_1_167' title='bbox 1214 2737 1249 2778; x_wconf 88' lang='lat' dir='ltr'><strong>re</strong></span> <span class='ocrx_word' id='word_1_168' title='bbox 1271 2737 1345 2780; x_wconf 91' lang='lat' dir='ltr'><strong>cum</strong></span> 
     </span>
     <span class='ocr_line' id='line_1_22' title="bbox 249 2813 1346 2896; baseline 0.003 -19"><span class='ocrx_word' id='word_1_169' title='bbox 249 2813 327 2878; x_wconf 90' lang='lat' dir='ltr'><strong>satis</strong></span> <span class='ocrx_word' id='word_1_170' title='bbox 349 2813 531 2896; x_wconf 80' lang='lat' dir='ltr'><strong>expositum</strong></span> <span class='ocrx_word' id='word_1_171' title='bbox 558 2813 658 2878; x_wconf 91' lang='lat' dir='ltr'><strong>sitin</strong></span> <span class='ocrx_word' id='word_1_172' title='bbox 684 2813 922 2880; x_wconf 87' lang='lat' dir='ltr'><strong>commentariis</strong></span> <span class='ocrx_word' id='word_1_173' title='bbox 955 2813 1084 2891; x_wconf 83' lang='lat' dir='ltr'><strong>criticis,</strong></span> <span class='ocrx_word' id='word_1_174' title='bbox 1118 2814 1258 2880; x_wconf 84' lang='lat' dir='ltr'><strong>sufficiet</strong></span> <span class='ocrx_word' id='word_1_175' title='bbox 1285 2815 1346 2880; x_wconf 90' lang='lat' dir='ltr'><strong>hoc</strong></span> 
     </span>
     <span class='ocr_line' id='line_1_23' title="bbox 249 2911 1345 2990; baseline 0.004 -12"><span class='ocrx_word' id='word_1_176' title='bbox 249 2912 321 2978; x_wconf 91' lang='lat' dir='ltr'><strong>loco</strong></span> <span class='ocrx_word' id='word_1_177' title='bbox 343 2911 483 2976; x_wconf 84' lang='lat' dir='ltr'><strong>indicare</strong></span> <span class='ocrx_word' id='word_1_178' title='bbox 502 2934 555 2980; x_wconf 85' lang='lat' dir='ltr'><strong>vv.</strong></span> <span class='ocrx_word' id='word_1_179' title='bbox 577 2915 628 2990; x_wconf 89' lang='grc'><strong>20,</strong></span> <span class='ocrx_word' id='word_1_180' title='bbox 657 2916 729 2990; x_wconf 86' lang='grc'><strong>338,</strong></span> <span class='ocrx_word' id='word_1_181' title='bbox 750 2917 813 2978; x_wconf 88' lang='grc'><strong>423</strong></span> <span class='ocrx_word' id='word_1_182' title='bbox 835 2930 868 2977; x_wconf 93' lang='lat' dir='ltr'><strong>et</strong></span> <span class='ocrx_word' id='word_1_183' title='bbox 888 2916 964 2990; x_wconf 78' lang='grc' dir='ltr'><strong>425,Ι</strong></span> <span class='ocrx_word' id='word_1_184' title='bbox 982 2915 1052 2979; x_wconf 85' lang='grc'><strong>489.</strong></span> <span class='ocrx_word' id='word_1_185' title='bbox 1096 2913 1221 2982; x_wconf 71' lang='lat' dir='ltr'><strong>Verum</strong></span> <span class='ocrx_word' id='word_1_186' title='bbox 1243 2916 1345 2982; x_wconf 83' lang='lat' dir='ltr'><strong>multo</strong></span> 
     </span>
     <span class='ocr_line' id='line_1_24' title="bbox 231 3003 1345 3102; baseline 0.011 -28"><span class='ocrx_word' id='word_1_187' title='bbox 231 3003 234 3006; x_wconf 36' lang='lat'><strong>⁴</strong></span> <span class='ocrx_word' id='word_1_188' title='bbox 252 3009 444 3076; x_wconf 87' lang='lat' dir='ltr'><strong>deteriorem</strong></span> <span class='ocrx_word' id='word_1_189' title='bbox 466 3034 534 3076; x_wconf 89' lang='lat' dir='ltr'><strong>esse</strong></span> <span class='ocrx_word' id='word_1_190' title='bbox 556 3014 810 3080; x_wconf 88' lang='lat' dir='ltr'><strong>Ambrosianum</strong></span> <span class='ocrx_word' id='word_1_191' title='bbox 837 3014 995 3080; x_wconf 85' lang='lat' dir='ltr'><strong>Beruensi</strong></span> <span class='ocrx_word' id='word_1_192' title='bbox 1020 3015 1084 3078; x_wconf 89' lang='lat' dir='ltr'><strong>iam</strong></span> <span class='ocrx_word' id='word_1_193' title='bbox 1112 3015 1218 3101; x_wconf 89' lang='lat' dir='ltr'><strong>prima</strong></span> <span class='ocrx_word' id='word_1_194' title='bbox 1240 3017 1345 3102; x_wconf 76' lang='lat' dir='ltr'><strong>specte</strong></span> 
     </span>
     <span class='ocr_line' id='line_1_25' title="bbox 250 3113 1345 3198; baseline 0.007 -24"><span class='ocrx_word' id='word_1_195' title='bbox 250 3133 292 3176; x_wconf 83' lang='lat' dir='ltr'><strong>ex</strong></span> <span class='ocrx_word' id='word_1_196' title='bbox 313 3133 353 3177; x_wconf 86' lang='lat' dir='ltr'><strong>eo</strong></span> <span class='ocrx_word' id='word_1_197' title='bbox 373 3131 557 3196; x_wconf 84' lang='lat' dir='ltr'><strong>cognosces,</strong></span> <span class='ocrx_word' id='word_1_198' title='bbox 590 3113 680 3195; x_wconf 90' lang='lat' dir='ltr'><strong>quod</strong></span> <span class='ocrx_word' id='word_1_199' title='bbox 703 3114 737 3177; x_wconf 92' lang='lat' dir='ltr'><strong>in</strong></span> <span class='ocrx_word' id='word_1_200' title='bbox 763 3115 820 3180; x_wconf 90' lang='lat' dir='ltr'><strong>illo</strong></span> <span class='ocrx_word' id='word_1_201' title='bbox 846 3139 958 3179; x_wconf 86' lang='lat' dir='ltr'><strong>versus</strong></span> <span class='ocrx_word' id='word_1_202' title='bbox 988 3114 1108 3190; x_wconf 88' lang='lat' dir='ltr'><strong>decem,</strong></span> <span class='ocrx_word' id='word_1_203' title='bbox 1137 3115 1196 3198; x_wconf 84' lang='lat' dir='ltr'><strong>qui</strong></span> <span class='ocrx_word' id='word_1_204' title='bbox 1222 3114 1256 3178; x_wconf 93' lang='lat' dir='ltr'><strong>in</strong></span> <span class='ocrx_word' id='word_1_205' title='bbox 1283 3115 1345 3182; x_wconf 88' lang='lat' dir='ltr'><strong>hoe</strong></span> 
     </span>
     <span class='ocr_line' id='line_1_26' title="bbox 249 3211 1344 3298; baseline 0.005 -22"><span class='ocrx_word' id='word_1_206' title='bbox 249 3211 414 3295; x_wconf 83' lang='lat' dir='ltr'><strong>leguntur,</strong></span> <span class='ocrx_word' id='word_1_207' title='bbox 444 3213 539 3298; x_wconf 88' lang='lat' dir='ltr'><strong>plane</strong></span> <span class='ocrx_word' id='word_1_208' title='bbox 567 3222 644 3276; x_wconf 88' lang='lat' dir='ltr'><strong>aunt</strong></span> <span class='ocrx_word' id='word_1_209' title='bbox 671 3213 797 3290; x_wconf 90' lang='lat' dir='ltr'><strong>omissi;</strong></span> <span class='ocrx_word' id='word_1_210' title='bbox 831 3215 887 3297; x_wconf 91' lang='lat' dir='ltr'><strong>qui</strong></span> <span class='ocrx_word' id='word_1_211' title='bbox 917 3225 994 3280; x_wconf 88' lang='lat' dir='ltr'><strong>sunt</strong></span> <span class='ocrx_word' id='word_1_212' title='bbox 1014 3217 1063 3292; x_wconf 93' lang='grc'><strong>12,</strong></span> <span class='ocrx_word' id='word_1_213' title='bbox 1093 3216 1144 3290; x_wconf 84' lang='grc'><strong>16,</strong></span> <span class='ocrx_word' id='word_1_214' title='bbox 1172 3217 1244 3291; x_wconf 86' lang='grc'><strong>212,</strong></span> <span class='ocrx_word' id='word_1_215' title='bbox 1273 3217 1344 3294; x_wconf 88' lang='grc'>299,</span> 
     </span>
    </p>
   </div>
   <div class='ocr_carea' id='block_1_3' title="bbox 247 3449 1345 4201">
    <p class='ocr_par' dir='ltr' id='par_1_4' title="bbox 247 3449 1345 4201">
     <span class='ocr_line' id='line_1_27' title="bbox 350 3449 1345 3534; baseline 0.002 -16"><span class='ocrx_word' id='word_1_216' title='bbox 350 3465 370 3532; x_wconf 80' lang='lat'><strong>¹)</strong></span> <span class='ocrx_word' id='word_1_217' title='bbox 387 3463 429 3518; x_wconf 91' lang='lat' dir='ltr'><strong>De</strong></span> <span class='ocrx_word' id='word_1_218' title='bbox 446 3465 541 3518; x_wconf 84' lang='lat' dir='ltr'><strong>Enoch</strong></span> <span class='ocrx_word' id='word_1_219' title='bbox 558 3465 694 3518; x_wconf 86' lang='lat' dir='ltr'><strong>Asculano</strong></span> <span class='ocrx_word' id='word_1_220' title='bbox 711 3465 771 3520; x_wconf 87' lang='lat' dir='ltr'><strong>ride</strong></span> <span class='ocrx_word' id='word_1_221' title='bbox 794 3483 864 3534; x_wconf 88' lang='lat' dir='ltr'><strong>quae</strong></span> <span class='ocrx_word' id='word_1_222' title='bbox 884 3468 1048 3520; x_wconf 84' lang='lat' dir='ltr'><strong>rettulerunt</strong></span> <span class='ocrx_word' id='word_1_223' title='bbox 1064 3465 1089 3519; x_wconf 89' lang='lat' dir='ltr'><strong>J.</strong></span> <span class='ocrx_word' id='word_1_224' title='bbox 1106 3449 1137 3518; x_wconf 76' lang='grc'><strong>11.</strong></span> <span class='ocrx_word' id='word_1_225' title='bbox 1155 3463 1345 3521; x_wconf 85' lang='lat' dir='ltr'><strong>Massmannus</strong></span> 
     </span>
     <span class='ocr_line' id='line_1_28' title="bbox 247 3547 1343 3618; baseline 0.005 -18"><span class='ocrx_word' id='word_1_226' title='bbox 247 3549 276 3600; x_wconf 91' lang='lat' dir='ltr'><strong>in</strong></span> <span class='ocrx_word' id='word_1_227' title='bbox 294 3547 410 3602; x_wconf 87' lang='lat' dir='ltr'><strong>editione</strong></span> <span class='ocrx_word' id='word_1_228' title='bbox 427 3564 507 3615; x_wconf 87' lang='lat' dir='ltr'><strong>quam</strong></span> <span class='ocrx_word' id='word_1_229' title='bbox 525 3549 628 3602; x_wconf 73' lang='lat' dir='ltr'><strong>curant</strong></span> <span class='ocrx_word' id='word_1_230' title='bbox 645 3550 729 3602; x_wconf 88' lang='lat' dir='ltr'><strong>libelli</strong></span> <span class='ocrx_word' id='word_1_231' title='bbox 746 3550 850 3604; x_wconf 89' lang='lat' dir='ltr'><strong>Tacitei</strong></span> <span class='ocrx_word' id='word_1_232' title='bbox 862 3549 896 3604; x_wconf 86' lang='lat' dir='ltr'><strong>dc</strong></span> <span class='ocrx_word' id='word_1_233' title='bbox 909 3549 1053 3604; x_wconf 86' lang='lat' dir='ltr'><strong>Germania</strong></span> <span class='ocrx_word' id='word_1_234' title='bbox 1064 3565 1090 3616; x_wconf 89' lang='lat' dir='ltr'><strong>p.</strong></span> <span class='ocrx_word' id='word_1_235' title='bbox 1104 3551 1133 3602; x_wconf 94' lang='grc'><strong>11</strong></span> <span class='ocrx_word' id='word_1_236' title='bbox 1149 3563 1197 3618; x_wconf 87' lang='lat' dir='ltr'><strong>sq.,</strong></span> <span class='ocrx_word' id='word_1_237' title='bbox 1217 3553 1266 3604; x_wconf 88' lang='lat'><strong>184</strong></span> <span class='ocrx_word' id='word_1_238' title='bbox 1277 3566 1343 3618; x_wconf 64' lang='lat' dir='ltr'><strong>sqq„</strong></span> 
     </span>
     <span class='ocr_line' id='line_1_29' title="bbox 249 3627 1344 3704; baseline 0.002 -20"><span class='ocrx_word' id='word_1_239' title='bbox 249 3629 371 3696; x_wconf 75' lang='lat' dir='ltr'><strong>Angelus</strong></span> <span class='ocrx_word' id='word_1_240' title='bbox 393 3629 482 3686; x_wconf 80' lang='lat' dir='ltr'><strong>Maius</strong></span> <span class='ocrx_word' id='word_1_241' title='bbox 505 3633 533 3688; x_wconf 89' lang='lat' dir='ltr'><strong>in</strong></span> <span class='ocrx_word' id='word_1_242' title='bbox 557 3631 648 3699; x_wconf 76' lang='lat' dir='ltr'><strong>spicil.</strong></span> <span class='ocrx_word' id='word_1_243' title='bbox 672 3633 749 3688; x_wconf 87' lang='lat' dir='ltr'><strong>Rom.</strong></span> <span class='ocrx_word' id='word_1_244' title='bbox 771 3639 836 3688; x_wconf 90' lang='lat' dir='ltr'><strong>tom.</strong></span> <span class='ocrx_word' id='word_1_245' title='bbox 853 3635 875 3702; x_wconf 87' lang='lat'><strong>1,</strong></span> <span class='ocrx_word' id='word_1_246' title='bbox 901 3651 928 3704; x_wconf 90' lang='lat' dir='ltr'><strong>p.</strong></span> <span class='ocrx_word' id='word_1_247' title='bbox 946 3633 1024 3686; x_wconf 90' lang='lat' dir='ltr'>XXII</span> <span class='ocrx_word' id='word_1_248' title='bbox 1041 3647 1106 3700; x_wconf 66' lang='lat' dir='ltr'><strong>sqq„</strong></span> <span class='ocrx_word' id='word_1_249' title='bbox 1125 3635 1174 3687; x_wconf 78' lang='lat'><strong>665</strong></span> <span class='ocrx_word' id='word_1_250' title='bbox 1191 3649 1231 3702; x_wconf 87' lang='lat' dir='ltr'><strong>aq.</strong></span> <span class='ocrx_word' id='word_1_251' title='bbox 1265 3627 1344 3687; x_wconf 81' lang='lat' dir='ltr'><strong>Adde</strong></span> 
     </span>
     <span class='ocr_line' id='line_1_30' title="bbox 249 3711 1345 3786; baseline 0.002 -20"><span class='ocrx_word' id='word_1_252' title='bbox 249 3712 323 3782; x_wconf 88' lang='lat' dir='ltr'><strong>quod</strong></span> <span class='ocrx_word' id='word_1_253' title='bbox 339 3711 369 3767; x_wconf 89' lang='lat' dir='ltr'><strong>P.</strong></span> <span class='ocrx_word' id='word_1_254' title='bbox 386 3713 556 3768; x_wconf 87' lang='lat' dir='ltr'><strong>Burmannus</strong></span> <span class='ocrx_word' id='word_1_255' title='bbox 572 3716 655 3770; x_wconf 85' lang='lat' dir='ltr'><strong>Anth.</strong></span> <span class='ocrx_word' id='word_1_256' title='bbox 672 3717 719 3772; x_wconf 86' lang='lat' dir='ltr'><strong>lat.</strong></span> <span class='ocrx_word' id='word_1_257' title='bbox 737 3722 800 3772; x_wconf 87' lang='lat' dir='ltr'><strong>tom.</strong></span> <span class='ocrx_word' id='word_1_258' title='bbox 817 3718 839 3783; x_wconf 89' lang='lat'><strong>1,</strong></span> <span class='ocrx_word' id='word_1_259' title='bbox 863 3733 889 3786; x_wconf 88' lang='lat' dir='ltr'><strong>p.</strong></span> <span class='ocrx_word' id='word_1_260' title='bbox 907 3719 958 3770; x_wconf 79' lang='lat'><strong>287</strong></span> <span class='ocrx_word' id='word_1_261' title='bbox 974 3715 1003 3768; x_wconf 92' lang='lat' dir='ltr'><strong>in</strong></span> <span class='ocrx_word' id='word_1_262' title='bbox 1019 3717 1154 3772; x_wconf 87' lang='lat' dir='ltr'><strong>codicibus</strong></span> <span class='ocrx_word' id='word_1_263' title='bbox 1172 3715 1299 3770; x_wconf 85' lang='lat' dir='ltr'><strong>Leidenai</strong></span> <span class='ocrx_word' id='word_1_264' title='bbox 1317 3721 1345 3770; x_wconf 86' lang='lat' dir='ltr'><strong>et</strong></span> 
     </span>
     <span class='ocr_line' id='line_1_31' title="bbox 250 3796 1343 3866; baseline 0.001 -15"><span class='ocrx_word' id='word_1_265' title='bbox 250 3796 391 3863; x_wconf 74' lang='lat' dir='ltr'><strong>vossiano,</strong></span> <span class='ocrx_word' id='word_1_266' title='bbox 408 3797 506 3865; x_wconf 84' lang='lat' dir='ltr'><strong>quibus</strong></span> <span class='ocrx_word' id='word_1_267' title='bbox 517 3802 668 3862; x_wconf 81' lang='lat' dir='ltr'><strong>continetur</strong></span> <span class='ocrx_word' id='word_1_268' title='bbox 680 3801 767 3858; x_wconf 87' lang='lat' dir='ltr'><strong>altera</strong></span> <span class='ocrx_word' id='word_1_269' title='bbox 779 3801 813 3854; x_wconf 89' lang='lat' dir='ltr'><strong>de</strong></span> <span class='ocrx_word' id='word_1_270' title='bbox 824 3802 984 3857; x_wconf 83' lang='lat' dir='ltr'><strong>Maecenate</strong></span> <span class='ocrx_word' id='word_1_271' title='bbox 996 3799 1153 3856; x_wconf 91' lang='lat' dir='ltr'><strong>moribundo</strong></span> <span class='ocrx_word' id='word_1_272' title='bbox 1166 3799 1260 3866; x_wconf 78' lang='lat' dir='ltr'><strong>elegia,</strong></span> <span class='ocrx_word' id='word_1_273' title='bbox 1273 3799 1343 3853; x_wconf 89' lang='lat' dir='ltr'><strong>hanc</strong></span> 
     </span>
     <span class='ocr_line' id='line_1_32' title="bbox 248 3879 1343 3952; baseline 0.002 -16"><span class='ocrx_word' id='word_1_274' title='bbox 248 3881 473 3948; x_wconf 87' lang='lat' dir='ltr'><strong>subscriptionem</strong></span> <span class='ocrx_word' id='word_1_275' title='bbox 488 3879 543 3948; x_wconf 84' lang='lat' dir='ltr'><strong>legi</strong></span> <span class='ocrx_word' id='word_1_276' title='bbox 560 3883 644 3936; x_wconf 86' lang='lat' dir='ltr'><strong>refert</strong></span> <span class='ocrx_word' id='word_1_277' title='bbox 662 3882 742 3937; x_wconf 88' lang='lat' dir='ltr'><strong>‘Finit</strong></span> <span class='ocrx_word' id='word_1_278' title='bbox 760 3885 847 3951; x_wconf 83' lang='lat' dir='ltr'><strong>elegia</strong></span> <span class='ocrx_word' id='word_1_279' title='bbox 864 3883 969 3952; x_wconf 84' lang='lat' dir='ltr'><strong>Virgilii</strong></span> <span class='ocrx_word' id='word_1_280' title='bbox 981 3884 1100 3938; x_wconf 90' lang='lat' dir='ltr'><strong>Maronis</strong></span> <span class='ocrx_word' id='word_1_281' title='bbox 1117 3884 1145 3936; x_wconf 92' lang='lat' dir='ltr'><strong>in</strong></span> <span class='ocrx_word' id='word_1_282' title='bbox 1157 3881 1343 3938; x_wconf 87' lang='lat' dir='ltr'><strong>Maecenatem</strong></span> 
     </span>
     <span class='ocr_line' id='line_1_33' title="bbox 247 3963 1342 4033; baseline 0.001 -14"><span class='ocrx_word' id='word_1_283' title='bbox 247 3966 356 4020; x_wconf 86' lang='lat' dir='ltr'><strong>inventa</strong></span> <span class='ocrx_word' id='word_1_284' title='bbox 374 3964 408 4018; x_wconf 91' lang='lat' dir='ltr'><strong>ab</strong></span> <span class='ocrx_word' id='word_1_285' title='bbox 426 3963 519 4017; x_wconf 87' lang='lat' dir='ltr'><strong>Henoc</strong></span> <span class='ocrx_word' id='word_1_286' title='bbox 536 3964 564 4016; x_wconf 90' lang='lat' dir='ltr'><strong>in</strong></span> <span class='ocrx_word' id='word_1_287' title='bbox 581 3965 673 4020; x_wconf 86' lang='lat' dir='ltr'><strong>Dacia’</strong></span> <span class='ocrx_word' id='word_1_288' title='bbox 691 3965 709 4019; x_wconf 86' lang='lat' dir='ltr'><strong>i.</strong></span> <span class='ocrx_word' id='word_1_289' title='bbox 725 3982 748 4019; x_wconf 92' lang='lat' dir='ltr'><strong>e.</strong></span> <span class='ocrx_word' id='word_1_290' title='bbox 761 3967 788 4018; x_wconf 91' lang='lat' dir='ltr'><strong>in</strong></span> <span class='ocrx_word' id='word_1_291' title='bbox 800 3966 903 4033; x_wconf 83' lang='lat' dir='ltr'><strong>Dania3</strong></span> <span class='ocrx_word' id='word_1_292' title='bbox 921 3965 1033 4020; x_wconf 88' lang='lat' dir='ltr'><strong>Daciam</strong></span> <span class='ocrx_word' id='word_1_293' title='bbox 1051 3965 1121 4018; x_wconf 91' lang='lat' dir='ltr'><strong>enim</strong></span> <span class='ocrx_word' id='word_1_294' title='bbox 1132 3965 1247 4018; x_wconf 89' lang='lat' dir='ltr'><strong>Daniam</strong></span> <span class='ocrx_word' id='word_1_295' title='bbox 1263 3981 1342 4020; x_wconf 81' lang='lat' dir='ltr'><strong>voca·</strong></span> 
     </span>
     <span class='ocr_line' id='line_1_34' title="bbox 247 4048 1341 4118; baseline 0.003 -15"><span class='ocrx_word' id='word_1_296' title='bbox 247 4050 314 4104; x_wconf 89' lang='lat' dir='ltr'><strong>bant</strong></span> <span class='ocrx_word' id='word_1_297' title='bbox 330 4049 427 4103; x_wconf 84' lang='lat' dir='ltr'><strong>aetatis</strong></span> <span class='ocrx_word' id='word_1_298' title='bbox 443 4049 517 4102; x_wconf 90' lang='lat' dir='ltr'><strong>illius</strong></span> <span class='ocrx_word' id='word_1_299' title='bbox 534 4048 664 4115; x_wconf 87' lang='lat' dir='ltr'><strong>homines,</strong></span> <span class='ocrx_word' id='word_1_300' title='bbox 687 4048 715 4101; x_wconf 89' lang='lat' dir='ltr'><strong>id</strong></span> <span class='ocrx_word' id='word_1_301' title='bbox 732 4048 803 4116; x_wconf 90' lang='lat' dir='ltr'><strong>quod</strong></span> <span class='ocrx_word' id='word_1_302' title='bbox 828 4049 993 4118; x_wconf 87' lang='lat' dir='ltr'><strong>intellegitur</strong></span> <span class='ocrx_word' id='word_1_303' title='bbox 1004 4104 1007 4112; x_wconf 76' lang='grc'>,</span> <span class='ocrx_word' id='word_1_304' title='bbox 1018 4063 1052 4102; x_wconf 86' lang='lat' dir='ltr'><strong>ex</strong></span> <span class='ocrx_word' id='word_1_305' title='bbox 1078 4048 1185 4116; x_wconf 84' lang='lat' dir='ltr'><strong>littaris,</strong></span> <span class='ocrx_word' id='word_1_306' title='bbox 1210 4063 1279 4116; x_wconf 77' lang='lat' dir='ltr'><strong>quas</strong></span> <span class='ocrx_word' id='word_1_307' title='bbox 1295 4049 1341 4106; x_wconf 80' lang='lat' dir='ltr'><strong>Fr.</strong></span> 
     </span>
     <span class='ocr_line' id='line_1_35' title="bbox 248 4131 965 4201; baseline 0 -15"><span class='ocrx_word' id='word_1_308' title='bbox 248 4133 406 4201; x_wconf 83' lang='lat' dir='ltr'><strong>Philelphus</strong></span> <span class='ocrx_word' id='word_1_309' title='bbox 423 4132 459 4186; x_wconf 89' lang='lat' dir='ltr'><strong>ad</strong></span> <span class='ocrx_word' id='word_1_310' title='bbox 476 4132 617 4186; x_wconf 86' lang='lat' dir='ltr'><strong>Callistum</strong></span> <span class='ocrx_word' id='word_1_311' title='bbox 634 4131 706 4184; x_wconf 88' lang='lat' dir='ltr'><strong>misit</strong></span> <span class='ocrx_word' id='word_1_312' title='bbox 724 4131 822 4198; x_wconf 82' lang='lat' dir='ltr'><strong>(Epist.</strong></span> <span class='ocrx_word' id='word_1_313' title='bbox 840 4132 913 4200; x_wconf 80' lang='lat' dir='ltr'><strong>xm,</strong></span> <span class='ocrx_word' id='word_1_314' title='bbox 932 4133 965 4200; x_wconf 80' lang='lat'><strong>1).</strong></span> 
     </span>
    </p>
   </div>
   <div class='ocr_carea' id='block_1_4' title="bbox 349 4214 1143 4344">
    <p class='ocr_par' dir='ltr' id='par_1_5' title="bbox 349 4214 1143 4344">
     <span class='ocr_line' id='line_1_36' title="bbox 349 4214 1143 4344; baseline 0.001 -75"><span class='ocrx_word' id='word_1_315' title='bbox 349 4214 370 4282; x_wconf 87' lang='lat'><strong>²)</strong></span> <span class='ocrx_word' id='word_1_316' title='bbox 387 4215 502 4270; x_wconf 84' lang='lat' dir='ltr'><strong>Miscell.</strong></span> <span class='ocrx_word' id='word_1_317' title='bbox 518 4215 585 4284; x_wconf 86' lang='lat' dir='ltr'><strong>phil.</strong></span> <span class='ocrx_word' id='word_1_318' title='bbox 603 4215 649 4268; x_wconf 90' lang='lat' dir='ltr'><strong>lib.</strong></span> <span class='ocrx_word' id='word_1_319' title='bbox 665 4215 712 4283; x_wconf 87' lang='lat'>111,</span> <span class='ocrx_word' id='word_1_320' title='bbox 731 4231 757 4283; x_wconf 90' lang='lat' dir='ltr'><strong>p.</strong></span> <span class='ocrx_word' id='word_1_321' title='bbox 775 4218 816 4270; x_wconf 77' lang='grc'><strong>28.</strong></span> <span class='ocrx_word' id='word_1_322' title='bbox 1105 4281 1143 4344; x_wconf 53' lang='lat'><strong>1*</strong></span> 
     </span>
    </p>
   </div>
   <div class='ocr_carea' id='block_1_5' title="bbox 0 0 1654 5042">
    <p class='ocr_par' dir='ltr' id='par_1_6' title="bbox 0 0 1654 5042">
     <span class='ocr_line' id='line_1_37' title="bbox 0 0 1654 5042; baseline 0 0"><span class='ocrx_word' id='word_1_323' title='bbox 0 0 1654 5042; x_wconf 95' lang='lat' dir='ltr'><strong> </strong></span> 
     </span>
    </p>
   </div>
  </div>
 </body>
</html>
