3300 5042
775 588 793 649 9

236 805 309 857 tum
331 811 408 866 esse,
441 808 639 872 quamquam
667 785 708 849 de
736 807 775 848 ea
801 784 1001 848 resinlmera
1019 782 1336 867 coniectuiaposita‘

238 892 318 956 certi
331 891 460 956 omnino
475 889 554 952 nihil
567 885 667 951 statui
680 895 795 970 potest.
817 883 857 968 ¹⁰)
884 884 1084 968 Exemplum
1103 885 1219 962 autem,
1243 881 1333 965 quod

239 1014 298 1056 sua
317 1011 415 1056 manu
446 989 628 1054 confectum
655 986 689 1048 in
717 984 844 1048 Italiam
870 994 1104 1069 vapportaverat
1134 983 1258 1059 Enoch,
1292 981 1333 1046 ab

237 1092 322 1156 Italo
344 1084 486 1175 quodam
508 1087 714 1152 emendatum
735 1083 805 1150 esse
825 1085 949 1150 conicio
979 1095 1075 1168 atque
1096 1083 1182 1146 illam
1195 1082 1334 1161 Orestis

237 1188 424 1278 tragoediae
445 1188 662 1254 recensionem
684 1187 772 1251 haud
790 1187 903 1272 paucis
924 1187 1002 1252 locis
1024 1185 1208 1268 corruptam
1230 1183 1269 1247 ab
1284 1205 1334 1258 eu,

239 1293 298 1376 qui
319 1291 439 1356 librum
460 1287 714 1353 Ambrosianum
741 1287 944 1372 perscripsit,
972 1285 1069 1350 variis
1090 1284 1151 1348 illis
1173 1282 1334 1348 catalectis

240 1415 326 1475 quae
348 1410 448 1476 supra
467 1388 703 1454 nominavimus
723 1388 880 1454 adiectam
903 1408 988 1478 esee.¹

261 1511 265 1518 ’
336 1506 527 1573 'Mirandum
547 1505 693 1592 profecto
715 1518 765 1570 est
796 1527 925 1569 carmen
956 1505 995 1568 de
1029 1526 1093 1587 quo
1107 1484 1334 1592 'agimustam

241 1607 299 1672 diu
321 1607 483 1672 delituisse
506 1630 543 1671 ac
564 1607 749 1692 nuperrime
764 1606 893 1670 tandem
912 1605 946 1668 in
957 1607 1064 1669 lucem
1079 1605 1247 1690 prolatum·
1256 1623 1333 1666 esse.

240 1707 327 1772 Nam
350 1729 542 1792 quamquam
566 1707 631 1771 iarn
654 1729 737 1772 anno
751 1709 834 1771 1760
847 1706 879 1772 J.
895 1706 933 1770 B.
957 1705 1112 1772 Sinnerus
1134 1704 1168 1768 in
1189 1703 1334 1786 catalogo

241 1807 388 1872 codicum
420 1809 593 1873 latinorum
632 1805 844 1872 bibliothecae
874 1805 1048 1870 Bernensis
1082 1791 1128 1890 (p.
1157 1805 1216 1894 5⁴07
1245 1801 1337 1886 sqq.)

147 1935 151 1942 ¹
239 1931 352 1973 versus
374 1908 489 1994 viginti
510 1929 612 1972 unum
636 1907 669 1992 (l
686 1918 718 1971 et
732 1910 762 1983 2,
778 1906 969 1991 toa-770),
991 1901 1336 1987 ann01839Angelus

239 2006 350 2073 Maius
371 2009 405 2071 in
426 2009 623 2093 praefatione
647 2006 812 2092 Spicilegii
833 2007 971 2071 Romani
992 2005 1085 2088 (tom.
1107 2003 1134 2082 I,
1155 2028 1187 2089 p.
1210 2000 1337 2067 XXIV

239 2109 328 2192 sqq.)
361 2131 475 2171 versus
509 2106 754 2189 quinquaginta·
776 2114 842 2170 tres
876 2107 1008 2190 (1—253)
1041 2105 1198 2180 ediderat,
1231 2114 1337 2166 tamen

241 2207 392 2292 princeps
413 2206 510 2270 huius
530 2205 631 2269 libelli
652 2205 749 2269 editio
770 2205 891 2290 prodiit
919 2225 1002 2270 anno
1025 2205 1154 2272 demum
1177 2203 1257 2268 1858
1279 2207 1336 2266 cu-'

242 2312 312 2370 'rata
337 2330 356 2370 a
382 2305 422 2372 O.
446 2305 488 2372 G.
521 2305 698 2382 Muellero,
732 2305 788 2389 qui
817 2327 891 2369 cum
921 2329 959 2370 eo
988 2305 1103 2369 emisso
1136 2303 1337 2368 universitati

241 2407 420 2472 litterarum
435 2405 569 2472 Jenensi
585 2405 712 2470 saecula
731 2405 828 2470 tertia
843 2403 1033 2470 celebranda
1047 2405 1228 2491 gratulatus
1244 2415 1337 2479 esset,

240 2531 324 2573 anno
340 2508 447 2592 elapso
463 2506 635 2571 editionem
649 2505 737 2570 illam
751 2505 880 2592 repetiit
895 2505 1011 2585 libello,
1037 2529 1100 2589 quo
1117 2506 1157 2568 ad
1173 2504 1338 2570 sollemnia

241 2610 367 2674 scholae
388 2605 666 2671 Rudolstadiensis
689 2606 879 2671 celebranda
900 2607 1055 2671 invitavit.
1082 2607 1206 2672 Verum
1229 2603 1337 2668 Muel-

241 2709 327 2773 lerus
349 2731 419 2772 eam
448 2731 545 2792 quam
569 2707 629 2772 sibi
653 2707 791 2792 sumpsit
811 2707 1011 2791 provinciam
1033 2728 1098 2770 non
1119 2707 1165 2768 ita
1186 2715 1224 2767 ut
1243 2701 1338 2768 laude

243 2809 360 2893 dignus
383 2820 466 2872 esset
488 2807 730 2872 administravit.
773 2807 858 2871 Nam
880 2819 918 2870 ut
939 2807 1084 2872 omittam
1114 2829 1187 2870 eum
1209 2805 1243 2868 in
1265 2827 1336 2868 ora-

243 2909 329 2972 tione
351 2909 514 2992 scriptoris
536 2899 991 2973 constituenda'Ambro'siano
1012 2907 1119 2993 potius
1141 2929 1239 2990 quam
1254 2903 1335 2968 Ber-

243 3005 333 3072 nensi
355 3007 437 3070 duce
458 3031 552 3071 usum
575 3031 654 3085 esse,
681 3008 792 3092 paucis
815 3019 939 3072 tantum
962 3009 1039 3072 locis
1061 3007 1244 3072 coniectura
1265 3016 1335 3068 ten·

242 3109 317 3172 tatis
337 3107 478 3194 plurima
498 3119 530 3172 et
549 3107 733 3172 foedissima
753 3108 870 3171 menda
890 3109 1010 3171 intacta
1030 3107 1161 3192 reliquit
1180 3117 1276 3188 atque
1299 3126 1336 3168 eo

244 3211 339 3275 etiam
361 3206 581 3296 perversitatis
613 3229 804 3292 progressus
839 3217 895 3286 est,
929 3218 966 3271 ut
996 3205 1083 3271 haud
1115 3205 1226 3290 paucis
1258 3203 1336 3269 locis

244 3311 419 3399 scripturas
448 3307 614 3392 reciperet,
648 3307 766 3391 quibus
798 3307 887 3372 nulla
909 3317 1048 3393 'prorsus
1079 3305 1222 3370 subiecta
1253 3317 1337 3369 esset

244 3411 408 3476 sententia.
439 3408 534 3474 Adde
550 3407 639 3492 quod
659 3407 711 3471 ille
732 3430 837 3491 neque
860 3408 1099 3472 enuntiatorum
1114 3429 1218 3490 neque
1234 3429 1335 3470 mern-

244 3513 379 3576 brorum
401 3511 640 3592 incisorumque
663 3517 754 3598 aptas
775 3509 900 3573 curavit
922 3503 1152 3582 distinctiones,
1176 3506 1232 3570 sed
1252 3502 1339 3569 haud

244 3628 317 3675 raro
343 3621 487 3674 monstra
513 3632 667 3695 germana
693 3630 732 3674 ¹ac
759 3619 909 3694 portenta
937 3605 1090 3672 exhibuit.
1135 3606 1228 3689 Quae
1261 3625 1335 3669 oum

347 3867 379 3936 ¹⁰)
398 3864 522 3920 codicem
539 3869 614 3922 illum
626 3868 670 3937 qui
683 3885 754 3922 nunc
773 3875 815 3922 est
825 3866 970 3921 Beruensis
988 3865 1159 3935 Argentorati
1177 3863 1240 3918 olim
1255 3862 1339 3916 fuisse

246 3955 273 4007 ln
288 3953 453 4006 bibliotheca
471 3951 600 4007 ecclesiae
618 3953 644 4006 S.
662 3954 767 4007 Mariae
783 3952 915 4018 suspicari
937 3952 1008 4005 licet.
1037 3951 1133 4004 Plures
1150 3949 1220 4001 enim
1237 3947 1340 4000 Lucani

247 4036 360 4104 codices,
383 4035 428 4102 qui
445 4052 516 4088 nunc
532 4035 637 4088 Bemae
655 4040 836 4102 asservantur,
854 4035 1011 4102 priusquam
1033 4034 1060 4087 in
1077 4031 1218 4099 Bongarsii
1242 4045 1337 4084 manus

246 4125 434 4186 pervenerunt,
452 4119 631 4172 bibliothecae
648 4118 721 4171 illius
740 4117 823 4172 fuisse
842 4119 919 4173 testis
937 4125 979 4172 est
996 4117 1130 4172 Weberus
1147 4117 1175 4168 in
1193 4113 1256 4169 edit.
1275 4116 1340 4168 Luc.

248 4203 321 4256 Tom.
338 4203 387 4269 III,
405 4219 431 4269 p.
449 4203 520 4256 Vlll.
